<?xml version="1.0" encoding="UTF-8"?>
<!DOCTYPE html PUBLIC "-//W3C//DTD XHTML 1.0 Transitional//EN"
    "http://www.w3.org/TR/xhtml1/DTD/xhtml1-transitional.dtd">
<html xmlns="http://www.w3.org/1999/xhtml" xml:lang="en" lang="en">
 <head>
  <title>
</title>
<meta http-equiv="Content-Type" content="text/html;charset=utf-8" />
  <meta name='ocr-system' content='tesseract 3.04.00' />
  <meta name='ocr-capabilities' content='ocr_page ocr_carea ocr_par ocr_line ocrx_word'/>
</head>
<body>
  <div class='ocr_page' id='page_1' title='image "./willelmimalmesb01willgoog_0172.png"; bbox 0 0 3142 5025; ppageno 0'>
   <div class='ocr_carea' id='block_1_1' title="bbox 217 487 1169 566">
    <p class='ocr_par' dir='ltr' id='par_1_1' title="bbox 217 487 1169 566">
     <span class='ocr_line' id='line_1_1' title="bbox 217 487 1169 566; baseline 0.012 -18"><span class='ocrx_word' id='word_1_1' title='bbox 217 503 286 550; x_wconf 83' lang='lat' dir='ltr'>mn.</span> <span class='ocrx_word' id='word_1_2' title='bbox 307 487 371 566; x_wconf 78' lang='lat' dir='ltr'>ru]</span> <span class='ocrx_word' id='word_1_3' title='bbox 449 505 713 554; x_wconf 75' lang='lat' dir='ltr'>onsrnnneun</span> <span class='ocrx_word' id='word_1_4' title='bbox 738 508 952 557; x_wconf 70' lang='lat' dir='ltr'>aserenon.</span> <span class='ocrx_word' id='word_1_5' title='bbox 1103 496 1169 559; x_wconf 77' lang='lat'>529</span> 
     </span>
    </p>
   </div>
   <div class='ocr_carea' id='block_1_2' title="bbox 217 665 1168 1645">
    <p class='ocr_par' dir='ltr' id='par_1_2' title="bbox 217 665 1168 1645">
     <span class='ocr_line' id='line_1_2' title="bbox 217 665 1167 758; baseline 0.003 -31"><span class='ocrx_word' id='word_1_6' title='bbox 217 665 300 727; x_wconf 88' lang='lat' dir='ltr'>tatis</span> <span class='ocrx_word' id='word_1_7' title='bbox 326 665 432 728; x_wconf 89' lang='lat' dir='ltr'>situm</span> <span class='ocrx_word' id='word_1_8' title='bbox 448 684 469 728; x_wconf 94' lang='lat' dir='ltr'>a</span> <span class='ocrx_word' id='word_1_9' title='bbox 485 685 522 728; x_wconf 88' lang='lat' dir='ltr'>se</span> <span class='ocrx_word' id='word_1_10' title='bbox 541 665 709 748; x_wconf 84' lang='lat' dir='ltr'>repellent</span> <span class='ocrx_word' id='word_1_11' title='bbox 723 666 889 747; x_wconf 85' lang='lat' dir='ltr'>quamdiu</span> <span class='ocrx_word' id='word_1_12' title='bbox 903 665 1007 758; x_wconf 70' lang='lat' dir='ltr'>iurarit</span> <span class='ocrx_word' id='word_1_13' title='bbox 1023 667 1081 747; x_wconf 92' lang='lat' dir='ltr'>qui</span> <span class='ocrx_word' id='word_1_14' title='bbox 1099 667 1167 731; x_wconf 87' lang='lat' dir='ltr'>La-</span> 
     </span>
     <span class='ocr_line' id='line_1_3' title="bbox 217 764 1165 848; baseline 0.003 -21"><span class='ocrx_word' id='word_1_15' title='bbox 217 764 309 828; x_wconf 91' lang='lat' dir='ltr'>tinas</span> <span class='ocrx_word' id='word_1_16' title='bbox 326 764 446 828; x_wconf 85' lang='lat' dir='ltr'><strong>literas</strong></span> <span class='ocrx_word' id='word_1_17' title='bbox 462 765 569 846; x_wconf 86' lang='lat' dir='ltr'>legat.</span> <span class='ocrx_word' id='word_1_18' title='bbox 622 765 763 829; x_wconf 91' lang='lat' dir='ltr'>Norunt</span> <span class='ocrx_word' id='word_1_19' title='bbox 776 766 907 828; x_wconf 90' lang='lat' dir='ltr'>literati</span> <span class='ocrx_word' id='word_1_20' title='bbox 924 764 1014 848; x_wconf 93' lang='lat' dir='ltr'>quod</span> <span class='ocrx_word' id='word_1_21' title='bbox 1032 766 1165 848; x_wconf 89' lang='lat' dir='ltr'>loquor.</span> 
     </span>
     <span class='ocr_line' id='line_1_4' title="bbox 217 863 1167 949; baseline 0.004 -23"><span class='ocrx_word' id='word_1_22' title='bbox 217 864 374 927; x_wconf 84' lang='lat' dir='ltr'>Tertium</span> <span class='ocrx_word' id='word_1_23' title='bbox 386 863 504 927; x_wconf 90' lang='lat' dir='ltr'>mundi</span> <span class='ocrx_word' id='word_1_24' title='bbox 521 864 624 928; x_wconf 89' lang='lat' dir='ltr'>clima</span> <span class='ocrx_word' id='word_1_25' title='bbox 646 872 756 929; x_wconf 91' lang='lat' dir='ltr'>restat</span> <span class='ocrx_word' id='word_1_26' title='bbox 772 865 925 947; x_wconf 80' lang='lat' dir='ltr'>Europa,</span> <span class='ocrx_word' id='word_1_27' title='bbox 942 865 1041 949; x_wconf 89' lang='lat' dir='ltr'>cnjus</span> <span class='ocrx_word' id='word_1_28' title='bbox 1056 886 1167 948; x_wconf 69' lang='lat' dir='ltr'>quan·</span> 
     </span>
     <span class='ocr_line' id='line_1_5' title="bbox 218 964 1167 1046; baseline 0.004 -20"><span class='ocrx_word' id='word_1_29' title='bbox 218 964 328 1027; x_wconf 87' lang='lat' dir='ltr'>tulam</span> <span class='ocrx_word' id='word_1_30' title='bbox 350 971 484 1046; x_wconf 86' lang='lat' dir='ltr'>partem</span> <span class='ocrx_word' id='word_1_31' title='bbox 508 965 741 1028; x_wconf 81' lang='lat' dir='ltr'><strong>inhabitamus</strong></span> <span class='ocrx_word' id='word_1_32' title='bbox 760 965 973 1029; x_wconf 69' lang='lat' dir='ltr'>Christiani?</span> <span class='ocrx_word' id='word_1_33' title='bbox 997 985 1077 1028; x_wconf 89' lang='lat' dir='ltr'>nam</span> <span class='ocrx_word' id='word_1_34' title='bbox 1093 987 1167 1030; x_wconf 90' lang='lat' dir='ltr'>om·</span> 
     </span>
     <span class='ocr_line' id='line_1_6' title="bbox 219 1063 1167 1148; baseline 0.004 -22"><span class='ocrx_word' id='word_1_35' title='bbox 219 1082 297 1126; x_wconf 91' lang='lat' dir='ltr'>nem</span> <span class='ocrx_word' id='word_1_36' title='bbox 310 1063 406 1126; x_wconf 89' lang='lat' dir='ltr'>illam</span> <span class='ocrx_word' id='word_1_37' title='bbox 419 1064 612 1127; x_wconf 87' lang='lat' dir='ltr'>barbariem</span> <span class='ocrx_word' id='word_1_38' title='bbox 629 1084 707 1146; x_wconf 88' lang='lat' dir='ltr'>quae</span> <span class='ocrx_word' id='word_1_39' title='bbox 729 1065 766 1128; x_wconf 92' lang='lat' dir='ltr'>in</span> <span class='ocrx_word' id='word_1_40' title='bbox 789 1065 930 1128; x_wconf 88' lang='lat' dir='ltr'>remotis</span> <span class='ocrx_word' id='word_1_41' title='bbox 945 1065 1068 1128; x_wconf 91' lang='lat' dir='ltr'>insulis</span> <span class='ocrx_word' id='word_1_42' title='bbox 1091 1066 1167 1148; x_wconf 89' lang='lat' dir='ltr'>gla-</span> 
     </span>
     <span class='ocr_line' id='line_1_7' title="bbox 217 1162 1167 1247; baseline 0.005 -22"><span class='ocrx_word' id='word_1_43' title='bbox 217 1163 340 1226; x_wconf 90' lang='lat' dir='ltr'>cialem</span> <span class='ocrx_word' id='word_1_44' title='bbox 367 1162 565 1244; x_wconf 90' lang='lat' dir='ltr'>frequentat</span> <span class='ocrx_word' id='word_1_45' title='bbox 591 1183 770 1242; x_wconf 88' lang='lat' dir='ltr'>oceanum,</span> <span class='ocrx_word' id='word_1_46' title='bbox 787 1166 870 1247; x_wconf 89' lang='lat' dir='ltr'>quia</span> <span class='ocrx_word' id='word_1_47' title='bbox 895 1184 990 1227; x_wconf 90' lang='lat' dir='ltr'>more</span> <span class='ocrx_word' id='word_1_48' title='bbox 1014 1165 1167 1231; x_wconf 89' lang='lat' dir='ltr'>belluino</span> 
     </span>
     <span class='ocr_line' id='line_1_8' title="bbox 217 1260 1168 1345; baseline 0.002 -19"><span class='ocrx_word' id='word_1_49' title='bbox 217 1262 368 1338; x_wconf 83' lang='lat' dir='ltr'>victitat,</span> <span class='ocrx_word' id='word_1_50' title='bbox 384 1260 617 1327; x_wconf 87' lang='lat' dir='ltr'>Christianam</span> <span class='ocrx_word' id='word_1_51' title='bbox 636 1264 714 1345; x_wconf 93' lang='lat' dir='ltr'>quis</span> <span class='ocrx_word' id='word_1_52' title='bbox 739 1264 893 1327; x_wconf 68' lang='lat' dir='ltr'>dixerit?</span> <span class='ocrx_word' id='word_1_53' title='bbox 929 1262 1032 1326; x_wconf 86' lang='lat' dir='ltr'>Hauc</span> <span class='ocrx_word' id='word_1_54' title='bbox 1060 1265 1168 1345; x_wconf 91' lang='lat' dir='ltr'>igitur</span> 
     </span>
     <span class='ocr_line' id='line_1_9' title="bbox 217 1361 1167 1445; baseline 0.004 -21"><span class='ocrx_word' id='word_1_55' title='bbox 217 1363 329 1426; x_wconf 89' lang='lat' dir='ltr'>nostri</span> <span class='ocrx_word' id='word_1_56' title='bbox 342 1363 459 1425; x_wconf 90' lang='lat' dir='ltr'>mundi</span> <span class='ocrx_word' id='word_1_57' title='bbox 475 1363 730 1445; x_wconf 88' lang='lat' dir='ltr'>portiunculam</span> <span class='ocrx_word' id='word_1_58' title='bbox 739 1365 846 1427; x_wconf 85' lang='lat' dir='ltr'>Turci</span> <span class='ocrx_word' id='word_1_59' title='bbox 860 1369 896 1426; x_wconf 89' lang='lat' dir='ltr'>et</span> <span class='ocrx_word' id='word_1_60' title='bbox 913 1361 1076 1426; x_wconf 78' lang='lat' dir='ltr'>Saraceni</span> <span class='ocrx_word' id='word_1_61' title='bbox 1095 1366 1167 1428; x_wconf 88' lang='lat' dir='ltr'>hel·</span> 
     </span>
     <span class='ocr_line' id='line_1_10' title="bbox 220 1460 1168 1545; baseline 0.005 -22"><span class='ocrx_word' id='word_1_62' title='bbox 220 1460 254 1524; x_wconf 93' lang='lat' dir='ltr'>lo</span> <span class='ocrx_word' id='word_1_63' title='bbox 278 1469 458 1544; x_wconf 83' lang='lat' dir='ltr'>premunt3</span> <span class='ocrx_word' id='word_1_64' title='bbox 477 1463 621 1545; x_wconf 88' lang='lat' dir='ltr'>jamque</span> <span class='ocrx_word' id='word_1_65' title='bbox 638 1482 660 1525; x_wconf 96' lang='lat' dir='ltr'>a</span> <span class='ocrx_word' id='word_1_66' title='bbox 676 1464 840 1527; x_wconf 85' lang='lat' dir='ltr'>trecentis</span> <span class='ocrx_word' id='word_1_67' title='bbox 866 1463 968 1525; x_wconf 89' lang='lat' dir='ltr'>aunis</span> <span class='ocrx_word' id='word_1_68' title='bbox 992 1462 1168 1545; x_wconf 88' lang='lat' dir='ltr'>Hispania</span> 
     </span>
     <span class='ocr_line' id='line_1_11' title="bbox 221 1561 1167 1645; baseline 0.003 -21"><span class='ocrx_word' id='word_1_69' title='bbox 221 1567 256 1624; x_wconf 86' lang='lat' dir='ltr'>et</span> <span class='ocrx_word' id='word_1_70' title='bbox 279 1561 483 1626; x_wconf 87' lang='lat' dir='ltr'>Balearibus</span> <span class='ocrx_word' id='word_1_71' title='bbox 503 1561 626 1626; x_wconf 91' lang='lat' dir='ltr'>insulis</span> <span class='ocrx_word' id='word_1_72' title='bbox 648 1562 857 1645; x_wconf 87' lang='lat' dir='ltr'>subjugatis,</span> <span class='ocrx_word' id='word_1_73' title='bbox 883 1561 975 1644; x_wconf 92' lang='lat' dir='ltr'>quod</span> <span class='ocrx_word' id='word_1_74' title='bbox 997 1562 1167 1644; x_wconf 89' lang='lat' dir='ltr'>reliquum</span> 
     </span>
    </p>
   </div>
   <div class='ocr_carea' id='block_1_3' title="bbox 221 1660 1269 1744">
    <p class='ocr_par' dir='ltr' id='par_1_3' title="bbox 221 1660 1269 1744">
     <span class='ocr_line' id='line_1_12' title="bbox 221 1660 1269 1744; baseline 0.004 -20"><span class='ocrx_word' id='word_1_75' title='bbox 221 1668 274 1725; x_wconf 90' lang='lat' dir='ltr'>est</span> <span class='ocrx_word' id='word_1_76' title='bbox 291 1681 353 1743; x_wconf 89' lang='lat' dir='ltr'>spe</span> <span class='ocrx_word' id='word_1_77' title='bbox 370 1662 548 1738; x_wconf 89' lang='lat' dir='ltr'>devorant,</span> <span class='ocrx_word' id='word_1_78' title='bbox 566 1660 720 1725; x_wconf 89' lang='lat' dir='ltr'>homines</span> <span class='ocrx_word' id='word_1_79' title='bbox 743 1662 954 1738; x_wconf 85' lang='lat' dir='ltr'>inertissimi,</span> <span class='ocrx_word' id='word_1_80' title='bbox 971 1669 1006 1724; x_wconf 86' lang='lat' dir='ltr'>et</span> <span class='ocrx_word' id='word_1_81' title='bbox 1020 1663 1092 1744; x_wconf 94' lang='lat' dir='ltr'>qui,</span> <span class='ocrx_word' id='word_1_82' title='bbox 1109 1683 1167 1727; x_wconf 91' lang='lat' dir='ltr'>co·</span> <span class='ocrx_word' id='word_1_83' title='bbox 1265 1737 1269 1744; x_wconf 81' lang='lat'><strong>.</strong></span> 
     </span>
    </p>
   </div>
   <div class='ocr_carea' id='block_1_4' title="bbox 220 1760 1168 1945">
    <p class='ocr_par' dir='ltr' id='par_1_4' title="bbox 220 1760 1168 1945">
     <span class='ocr_line' id='line_1_13' title="bbox 220 1760 1167 1844; baseline 0.006 -22"><span class='ocrx_word' id='word_1_84' title='bbox 220 1762 335 1824; x_wconf 90' lang='lat' dir='ltr'>minus</span> <span class='ocrx_word' id='word_1_85' title='bbox 365 1762 543 1844; x_wconf 89' lang='lat' dir='ltr'>pugnandi</span> <span class='ocrx_word' id='word_1_86' title='bbox 569 1761 728 1824; x_wconf 90' lang='lat' dir='ltr'>fiduciam</span> <span class='ocrx_word' id='word_1_87' title='bbox 751 1782 820 1826; x_wconf 91' lang='lat' dir='ltr'>non</span> <span class='ocrx_word' id='word_1_88' title='bbox 851 1760 1029 1838; x_wconf 89' lang='lat' dir='ltr'>habentes,</span> <span class='ocrx_word' id='word_1_89' title='bbox 1056 1762 1167 1844; x_wconf 84' lang='lat' dir='ltr'>fugax</span> 
     </span>
     <span class='ocr_line' id='line_1_14' title="bbox 220 1859 1168 1945; baseline 0.004 -23"><span class='ocrx_word' id='word_1_90' title='bbox 220 1860 349 1923; x_wconf 91' lang='lat' dir='ltr'>bellum</span> <span class='ocrx_word' id='word_1_91' title='bbox 375 1861 534 1943; x_wconf 87' lang='lat' dir='ltr'>diligunt.</span> <span class='ocrx_word' id='word_1_92' title='bbox 588 1859 778 1943; x_wconf 85' lang='lat' dir='ltr'>Nunquam</span> <span class='ocrx_word' id='word_1_93' title='bbox 801 1861 890 1924; x_wconf 88' lang='lat' dir='ltr'>enim</span> <span class='ocrx_word' id='word_1_94' title='bbox 919 1862 1056 1924; x_wconf 84' lang='lat' dir='ltr'>Torcus</span> <span class='ocrx_word' id='word_1_95' title='bbox 1081 1863 1168 1945; x_wconf 88' lang='lat' dir='ltr'>pede</span> 
     </span>
    </p>
   </div>
   <div class='ocr_carea' id='block_1_5' title="bbox 220 1960 1275 2044">
    <p class='ocr_par' dir='ltr' id='par_1_5' title="bbox 220 1960 1275 2044">
     <span class='ocr_line' id='line_1_15' title="bbox 220 1960 1275 2044; baseline 0.003 -21"><span class='ocrx_word' id='word_1_96' title='bbox 220 1967 379 2024; x_wconf 90' lang='lat' dir='ltr'>conserto</span> <span class='ocrx_word' id='word_1_97' title='bbox 405 1967 550 2024; x_wconf 85' lang='lat' dir='ltr'>martem</span> <span class='ocrx_word' id='word_1_98' title='bbox 582 1960 697 2038; x_wconf 84' lang='lat' dir='ltr'>audet,</span> <span class='ocrx_word' id='word_1_99' title='bbox 722 1961 782 2023; x_wconf 91' lang='lat' dir='ltr'>sed</span> <span class='ocrx_word' id='word_1_100' title='bbox 811 1962 932 2044; x_wconf 88' lang='lat' dir='ltr'>pulsus</span> <span class='ocrx_word' id='word_1_101' title='bbox 961 1961 1039 2025; x_wconf 94' lang='lat' dir='ltr'>loco</span> <span class='ocrx_word' id='word_1_102' title='bbox 1065 1962 1168 2044; x_wconf 87' lang='lat' dir='ltr'>longe</span> <span class='ocrx_word' id='word_1_103' title='bbox 1272 2013 1275 2018; x_wconf 93' lang='lat'>.</span> 
     </span>
    </p>
   </div>
   <div class='ocr_carea' id='block_1_6' title="bbox 217 2060 1168 4336">
    <p class='ocr_par' dir='ltr' id='par_1_6' title="bbox 217 2060 1168 4336">
     <span class='ocr_line' id='line_1_16' title="bbox 219 2060 1168 2142; baseline 0.003 -19"><span class='ocrx_word' id='word_1_104' title='bbox 219 2060 332 2123; x_wconf 89' lang='lat' dir='ltr'>tendit</span> <span class='ocrx_word' id='word_1_105' title='bbox 361 2075 498 2137; x_wconf 80' lang='lat' dir='ltr'>nervos,</span> <span class='ocrx_word' id='word_1_106' title='bbox 530 2066 566 2124; x_wconf 91' lang='lat' dir='ltr'>et</span> <span class='ocrx_word' id='word_1_107' title='bbox 597 2061 767 2142; x_wconf 90' lang='lat' dir='ltr'>permittit</span> <span class='ocrx_word' id='word_1_108' title='bbox 793 2060 938 2124; x_wconf 87' lang='lat' dir='ltr'>vulnera</span> <span class='ocrx_word' id='word_1_109' title='bbox 962 2063 1097 2141; x_wconf 88' lang='lat' dir='ltr'>ventis;</span> <span class='ocrx_word' id='word_1_110' title='bbox 1131 2071 1168 2126; x_wconf 92' lang='lat' dir='ltr'>et</span> 
     </span>
     <span class='ocr_line' id='line_1_17' title="bbox 221 2159 1167 2239; baseline 0.004 -18"><span class='ocrx_word' id='word_1_111' title='bbox 221 2160 383 2239; x_wconf 86' lang='lat' dir='ltr'>quoniam</span> <span class='ocrx_word' id='word_1_112' title='bbox 397 2159 502 2224; x_wconf 88' lang='lat' dir='ltr'>habet</span> <span class='ocrx_word' id='word_1_113' title='bbox 517 2160 588 2223; x_wconf 88' lang='lat' dir='ltr'>tela</span> <span class='ocrx_word' id='word_1_114' title='bbox 603 2159 779 2223; x_wconf 87' lang='lat' dir='ltr'>mortifero</span> <span class='ocrx_word' id='word_1_115' title='bbox 796 2178 900 2223; x_wconf 89' lang='lat' dir='ltr'>succo</span> <span class='ocrx_word' id='word_1_116' title='bbox 923 2159 1031 2237; x_wconf 91' lang='lat' dir='ltr'>ebria,</span> <span class='ocrx_word' id='word_1_117' title='bbox 1046 2162 1083 2223; x_wconf 88' lang='lat' dir='ltr'>in</span> <span class='ocrx_word' id='word_1_118' title='bbox 1106 2162 1167 2225; x_wconf 95' lang='lat' dir='ltr'>ho-</span> 
     </span>
     <span class='ocr_line' id='line_1_18' title="bbox 221 2258 1166 2342; baseline 0.002 -22"><span class='ocrx_word' id='word_1_119' title='bbox 221 2258 346 2321; x_wconf 90' lang='lat' dir='ltr'>minem</span> <span class='ocrx_word' id='word_1_120' title='bbox 362 2269 463 2341; x_wconf 83' lang='lat' dir='ltr'>que&#39;m</span> <span class='ocrx_word' id='word_1_121' title='bbox 485 2259 646 2342; x_wconf 89' lang='lat' dir='ltr'>percutit,</span> <span class='ocrx_word' id='word_1_122' title='bbox 666 2279 736 2322; x_wconf 90' lang='lat' dir='ltr'>non</span> <span class='ocrx_word' id='word_1_123' title='bbox 750 2259 861 2322; x_wconf 89' lang='lat' dir='ltr'>virtus</span> <span class='ocrx_word' id='word_1_124' title='bbox 881 2259 943 2322; x_wconf 91' lang='lat' dir='ltr'>sed</span> <span class='ocrx_word' id='word_1_125' title='bbox 959 2260 1053 2323; x_wconf 89' lang='lat' dir='ltr'>virus</span> <span class='ocrx_word' id='word_1_126' title='bbox 1076 2281 1166 2324; x_wconf 88' lang='lat' dir='ltr'>mor-</span> 
     </span>
     <span class='ocr_line' id='line_1_19' title="bbox 221 2355 1166 2440; baseline 0.003 -20"><span class='ocrx_word' id='word_1_127' title='bbox 221 2365 291 2421; x_wconf 90' lang='lat' dir='ltr'>tem</span> <span class='ocrx_word' id='word_1_128' title='bbox 314 2359 409 2423; x_wconf 86' lang='lat' dir='ltr'>facit.</span> <span class='ocrx_word' id='word_1_129' title='bbox 461 2355 635 2440; x_wconf 81' lang='lat' dir='ltr'>Quicquid</span> <span class='ocrx_word' id='word_1_130' title='bbox 658 2357 766 2439; x_wconf 85' lang='lat' dir='ltr'>igitur</span> <span class='ocrx_word' id='word_1_131' title='bbox 794 2357 880 2439; x_wconf 89' lang='lat' dir='ltr'>agit,</span> <span class='ocrx_word' id='word_1_132' title='bbox 908 2357 1067 2436; x_wconf 82' lang='lat' dir='ltr'>fortunae,</span> <span class='ocrx_word' id='word_1_133' title='bbox 1097 2381 1166 2425; x_wconf 91' lang='lat' dir='ltr'>non</span> 
     </span>
     <span class='ocr_line' id='line_1_20' title="bbox 221 2456 1165 2541; baseline 0.004 -21"><span class='ocrx_word' id='word_1_134' title='bbox 221 2456 427 2536; x_wconf 89' lang='lat' dir='ltr'>fortitudini,</span> <span class='ocrx_word' id='word_1_135' title='bbox 442 2459 669 2536; x_wconf 81' lang='lat' dir='ltr'>attribuerim,</span> <span class='ocrx_word' id='word_1_136' title='bbox 687 2456 780 2541; x_wconf 91' lang='lat' dir='ltr'>quod</span> <span class='ocrx_word' id='word_1_137' title='bbox 804 2464 938 2541; x_wconf 82' lang='lat' dir='ltr'>pugnat</span> <span class='ocrx_word' id='word_1_138' title='bbox 951 2457 1036 2540; x_wconf 86' lang='lat' dir='ltr'>fuga</span> <span class='ocrx_word' id='word_1_139' title='bbox 1055 2466 1091 2523; x_wconf 93' lang='lat' dir='ltr'>et</span> <span class='ocrx_word' id='word_1_140' title='bbox 1106 2479 1165 2524; x_wconf 90' lang='lat' dir='ltr'>ve-</span> 
     </span>
     <span class='ocr_line' id='line_1_21' title="bbox 221 2558 1166 2642; baseline 0.003 -22"><span class='ocrx_word' id='word_1_141' title='bbox 221 2578 321 2623; x_wconf 86' lang='lat' dir='ltr'>neno.</span> <span class='ocrx_word' id='word_1_142' title='bbox 374 2558 520 2623; x_wconf 87' lang='lat' dir='ltr'>Constat</span> <span class='ocrx_word' id='word_1_143' title='bbox 537 2558 692 2642; x_wconf 90' lang='lat' dir='ltr'>profecto</span> <span class='ocrx_word' id='word_1_144' title='bbox 720 2558 812 2641; x_wconf 93' lang='lat' dir='ltr'>quod</span> <span class='ocrx_word' id='word_1_145' title='bbox 835 2558 945 2621; x_wconf 89' lang='lat' dir='ltr'>omnis</span> <span class='ocrx_word' id='word_1_146' title='bbox 971 2558 1066 2622; x_wconf 91' lang='lat' dir='ltr'>natio</span> <span class='ocrx_word' id='word_1_147' title='bbox 1089 2578 1166 2640; x_wconf 90' lang='lat' dir='ltr'>quae</span> 
     </span>
     <span class='ocr_line' id='line_1_22' title="bbox 220 2656 1166 2742; baseline 0.003 -22"><span class='ocrx_word' id='word_1_148' title='bbox 220 2658 256 2720; x_wconf 95' lang='lat' dir='ltr'>in</span> <span class='ocrx_word' id='word_1_149' title='bbox 279 2678 321 2723; x_wconf 88' lang='lat' dir='ltr'>ea</span> <span class='ocrx_word' id='word_1_150' title='bbox 336 2659 442 2742; x_wconf 85' lang='lat' dir='ltr'>plaga</span> <span class='ocrx_word' id='word_1_151' title='bbox 458 2660 625 2735; x_wconf 85' lang='lat' dir='ltr'>nascitur,</span> <span class='ocrx_word' id='word_1_152' title='bbox 643 2658 749 2721; x_wconf 93' lang='lat' dir='ltr'>nimio</span> <span class='ocrx_word' id='word_1_153' title='bbox 772 2656 857 2721; x_wconf 90' lang='lat' dir='ltr'>solis</span> <span class='ocrx_word' id='word_1_154' title='bbox 878 2657 1000 2721; x_wconf 90' lang='lat' dir='ltr'>ardore</span> <span class='ocrx_word' id='word_1_155' title='bbox 1024 2659 1166 2737; x_wconf 88' lang='lat' dir='ltr'>siccata,</span> 
     </span>
     <span class='ocr_line' id='line_1_23' title="bbox 218 2757 1165 2842; baseline 0.002 -22"><span class='ocrx_word' id='word_1_156' title='bbox 218 2759 369 2840; x_wconf 90' lang='lat' dir='ltr'>amplius</span> <span class='ocrx_word' id='word_1_157' title='bbox 387 2758 523 2842; x_wconf 91' lang='lat' dir='ltr'>quidem</span> <span class='ocrx_word' id='word_1_158' title='bbox 547 2759 650 2841; x_wconf 89' lang='lat' dir='ltr'>sapit,</span> <span class='ocrx_word' id='word_1_159' title='bbox 674 2758 734 2821; x_wconf 89' lang='lat' dir='ltr'>sed</span> <span class='ocrx_word' id='word_1_160' title='bbox 757 2758 871 2820; x_wconf 91' lang='lat' dir='ltr'>minus</span> <span class='ocrx_word' id='word_1_161' title='bbox 897 2757 1001 2821; x_wconf 89' lang='lat' dir='ltr'>hahet</span> <span class='ocrx_word' id='word_1_162' title='bbox 1023 2760 1165 2840; x_wconf 89' lang='lat' dir='ltr'>sangui·</span> 
     </span>
     <span class='ocr_line' id='line_1_24' title="bbox 220 2857 1165 2941; baseline 0.003 -22"><span class='ocrx_word' id='word_1_163' title='bbox 220 2857 294 2937; x_wconf 91' lang='lat' dir='ltr'>nis;</span> <span class='ocrx_word' id='word_1_164' title='bbox 317 2858 463 2939; x_wconf 90' lang='lat' dir='ltr'>ideoque</span> <span class='ocrx_word' id='word_1_165' title='bbox 481 2858 629 2922; x_wconf 87' lang='lat' dir='ltr'>vicinam</span> <span class='ocrx_word' id='word_1_166' title='bbox 651 2876 804 2940; x_wconf 87' lang='lat' dir='ltr'>pugnam</span> <span class='ocrx_word' id='word_1_167' title='bbox 826 2857 976 2938; x_wconf 85' lang='lat' dir='ltr'>fugiunt,</span> <span class='ocrx_word' id='word_1_168' title='bbox 1001 2859 1082 2939; x_wconf 91' lang='lat' dir='ltr'>quia</span> <span class='ocrx_word' id='word_1_169' title='bbox 1103 2879 1165 2941; x_wconf 90' lang='lat' dir='ltr'>pa-</span> 
     </span>
     <span class='ocr_line' id='line_1_25' title="bbox 217 2955 1165 3040; baseline 0.001 -21"><span class='ocrx_word' id='word_1_170' title='bbox 217 2976 295 3019; x_wconf 89' lang='lat' dir='ltr'>rum</span> <span class='ocrx_word' id='word_1_171' title='bbox 323 2957 503 3039; x_wconf 85' lang='lat' dir='ltr'>sanguinis</span> <span class='ocrx_word' id='word_1_172' title='bbox 533 2976 570 3021; x_wconf 89' lang='lat' dir='ltr'>se</span> <span class='ocrx_word' id='word_1_173' title='bbox 596 2956 722 3021; x_wconf 86' lang='lat' dir='ltr'>habere</span> <span class='ocrx_word' id='word_1_174' title='bbox 746 2963 883 3037; x_wconf 87' lang='lat' dir='ltr'>norunt.</span> <span class='ocrx_word' id='word_1_175' title='bbox 936 2955 1079 3034; x_wconf 87' lang='lat' dir='ltr'>Contra,</span> <span class='ocrx_word' id='word_1_176' title='bbox 1103 2978 1165 3040; x_wconf 90' lang='lat' dir='ltr'>po-</span> 
     </span>
     <span class='ocr_line' id='line_1_26' title="bbox 220 3056 1166 3139; baseline 0.002 -20"><span class='ocrx_word' id='word_1_177' title='bbox 220 3057 322 3139; x_wconf 89' lang='lat' dir='ltr'>pulus</span> <span class='ocrx_word' id='word_1_178' title='bbox 339 3058 398 3139; x_wconf 92' lang='lat' dir='ltr'>qui</span> <span class='ocrx_word' id='word_1_179' title='bbox 415 3058 526 3120; x_wconf 91' lang='lat' dir='ltr'>oritur</span> <span class='ocrx_word' id='word_1_180' title='bbox 542 3058 579 3120; x_wconf 93' lang='lat' dir='ltr'>in</span> <span class='ocrx_word' id='word_1_181' title='bbox 595 3056 723 3120; x_wconf 90' lang='lat' dir='ltr'>arctois</span> <span class='ocrx_word' id='word_1_182' title='bbox 738 3057 882 3139; x_wconf 82' lang='lat' dir='ltr'>pruinis,</span> <span class='ocrx_word' id='word_1_183' title='bbox 894 3064 929 3120; x_wconf 90' lang='lat' dir='ltr'>et</span> <span class='ocrx_word' id='word_1_184' title='bbox 945 3064 1098 3120; x_wconf 88' lang='lat' dir='ltr'>remotus</span> <span class='ocrx_word' id='word_1_185' title='bbox 1113 3066 1166 3122; x_wconf 89' lang='lat' dir='ltr'>est</span> 
     </span>
     <span class='ocr_line' id='line_1_27' title="bbox 220 3156 1165 3238; baseline 0.001 -19"><span class='ocrx_word' id='word_1_186' title='bbox 220 3174 242 3219; x_wconf 85' lang='lat' dir='ltr'>a</span> <span class='ocrx_word' id='word_1_187' title='bbox 263 3156 347 3221; x_wconf 91' lang='lat' dir='ltr'>solis</span> <span class='ocrx_word' id='word_1_188' title='bbox 364 3156 556 3233; x_wconf 88' lang='lat' dir='ltr'>ardoribus,</span> <span class='ocrx_word' id='word_1_189' title='bbox 576 3156 802 3220; x_wconf 88' lang='lat' dir='ltr'>inconsultior</span> <span class='ocrx_word' id='word_1_190' title='bbox 818 3156 967 3238; x_wconf 91' lang='lat' dir='ltr'>quidem,</span> <span class='ocrx_word' id='word_1_191' title='bbox 982 3156 1043 3219; x_wconf 85' lang='lat' dir='ltr'>sed</span> <span class='ocrx_word' id='word_1_192' title='bbox 1065 3156 1165 3238; x_wconf 90' lang='lat' dir='ltr'>largo</span> 
     </span>
     <span class='ocr_line' id='line_1_28' title="bbox 221 3254 1166 3338; baseline 0.003 -21"><span class='ocrx_word' id='word_1_193' title='bbox 221 3262 256 3317; x_wconf 80' lang='lat' dir='ltr'>et</span> <span class='ocrx_word' id='word_1_194' title='bbox 286 3254 478 3319; x_wconf 86' lang='lat' dir='ltr'>luxurianti</span> <span class='ocrx_word' id='word_1_195' title='bbox 510 3256 678 3338; x_wconf 91' lang='lat' dir='ltr'>superbus</span> <span class='ocrx_word' id='word_1_196' title='bbox 711 3256 880 3337; x_wconf 86' lang='lat' dir='ltr'>sanguine</span> <span class='ocrx_word' id='word_1_197' title='bbox 910 3257 1166 3338; x_wconf 90' lang='lat' dir='ltr'>promptissime</span> 
     </span>
     <span class='ocr_line' id='line_1_29' title="bbox 220 3355 1165 3438; baseline 0.004 -22"><span class='ocrx_word' id='word_1_198' title='bbox 220 3362 364 3436; x_wconf 86' lang='lat' dir='ltr'>pugnat.</span> <span class='ocrx_word' id='word_1_199' title='bbox 409 3355 486 3421; x_wconf 86' lang='lat' dir='ltr'>Vos</span> <span class='ocrx_word' id='word_1_200' title='bbox 507 3356 590 3419; x_wconf 88' lang='lat' dir='ltr'>estis</span> <span class='ocrx_word' id='word_1_201' title='bbox 615 3374 701 3437; x_wconf 88' lang='lat' dir='ltr'>gens</span> <span class='ocrx_word' id='word_1_202' title='bbox 726 3375 805 3437; x_wconf 89' lang='lat' dir='ltr'>quae</span> <span class='ocrx_word' id='word_1_203' title='bbox 827 3355 1165 3438; x_wconf 90' lang='lat' dir='ltr'>intemperatioribus</span> 
     </span>
     <span class='ocr_line' id='line_1_30' title="bbox 220 3454 1165 3538; baseline 0.003 -22"><span class='ocrx_word' id='word_1_204' title='bbox 220 3454 340 3517; x_wconf 92' lang='lat' dir='ltr'>mundi</span> <span class='ocrx_word' id='word_1_205' title='bbox 369 3456 557 3538; x_wconf 90' lang='lat' dir='ltr'>provinciis</span> <span class='ocrx_word' id='word_1_206' title='bbox 585 3455 750 3534; x_wconf 85' lang='lat' dir='ltr'>oriunda;</span> <span class='ocrx_word' id='word_1_207' title='bbox 783 3454 842 3536; x_wconf 92' lang='lat' dir='ltr'>qui</span> <span class='ocrx_word' id='word_1_208' title='bbox 868 3455 945 3518; x_wconf 91' lang='lat' dir='ltr'>sitis</span> <span class='ocrx_word' id='word_1_209' title='bbox 969 3463 1004 3520; x_wconf 89' lang='lat' dir='ltr'>et</span> <span class='ocrx_word' id='word_1_210' title='bbox 1029 3456 1165 3538; x_wconf 86' lang='lat' dir='ltr'>prodigi</span> 
     </span>
     <span class='ocr_line' id='line_1_31' title="bbox 220 3555 1165 3637; baseline 0.001 -21"><span class='ocrx_word' id='word_1_211' title='bbox 220 3556 399 3636; x_wconf 89' lang='lat' dir='ltr'>sauguinis</span> <span class='ocrx_word' id='word_1_212' title='bbox 428 3555 473 3619; x_wconf 87' lang='lat' dir='ltr'>ad</span> <span class='ocrx_word' id='word_1_213' title='bbox 499 3556 620 3619; x_wconf 89' lang='lat' dir='ltr'>mortis</span> <span class='ocrx_word' id='word_1_214' title='bbox 648 3555 895 3636; x_wconf 90' lang='lat' dir='ltr'>vulnerumque</span> <span class='ocrx_word' id='word_1_215' title='bbox 918 3562 1165 3637; x_wconf 84' lang='lat' dir='ltr'>contemptum,</span> 
     </span>
     <span class='ocr_line' id='line_1_32' title="bbox 220 3654 1162 3737; baseline 0.001 -21"><span class='ocrx_word' id='word_1_216' title='bbox 220 3660 256 3717; x_wconf 86' lang='lat' dir='ltr'>et</span> <span class='ocrx_word' id='word_1_217' title='bbox 271 3674 339 3718; x_wconf 90' lang='lat' dir='ltr'>non</span> <span class='ocrx_word' id='word_1_218' title='bbox 355 3654 503 3719; x_wconf 87' lang='lat' dir='ltr'>careatis</span> <span class='ocrx_word' id='word_1_219' title='bbox 516 3655 717 3737; x_wconf 89' lang='lat' dir='ltr'>prudentia:</span> <span class='ocrx_word' id='word_1_220' title='bbox 745 3673 894 3735; x_wconf 88' lang='lat' dir='ltr'>namque</span> <span class='ocrx_word' id='word_1_221' title='bbox 910 3662 945 3717; x_wconf 91' lang='lat' dir='ltr'>et</span> <span class='ocrx_word' id='word_1_222' title='bbox 961 3654 1162 3719; x_wconf 90' lang='lat' dir='ltr'>modestiam</span> 
     </span>
     <span class='ocr_line' id='line_1_33' title="bbox 220 3753 1164 3842; baseline 0.002 -27"><span class='ocrx_word' id='word_1_223' title='bbox 220 3755 367 3818; x_wconf 87' lang='lat' dir='ltr'>servatis</span> <span class='ocrx_word' id='word_1_224' title='bbox 381 3756 418 3818; x_wconf 92' lang='lat' dir='ltr'>in</span> <span class='ocrx_word' id='word_1_225' title='bbox 440 3755 576 3831; x_wconf 86' lang='lat' dir='ltr'>castris,</span> <span class='ocrx_word' id='word_1_226' title='bbox 590 3761 624 3818; x_wconf 93' lang='lat' dir='ltr'>et</span> <span class='ocrx_word' id='word_1_227' title='bbox 642 3754 678 3818; x_wconf 93' lang='lat' dir='ltr'>in</span> <span class='ocrx_word' id='word_1_228' title='bbox 692 3753 912 3842; x_wconf 82' lang='lat' dir='ltr'>dimicatione</span> <span class='ocrx_word' id='word_1_229' title='bbox 929 3754 1066 3816; x_wconf 91' lang='lat' dir='ltr'>utimini</span> <span class='ocrx_word' id='word_1_230' title='bbox 1083 3773 1164 3817; x_wconf 91' lang='lat' dir='ltr'>con·</span> 
     </span>
     <span class='ocr_line' id='line_1_34' title="bbox 220 3852 1164 3937; baseline 0.001 -22"><span class='ocrx_word' id='word_1_231' title='bbox 220 3852 328 3933; x_wconf 84' lang='lat' dir='ltr'>siliis3</span> <span class='ocrx_word' id='word_1_232' title='bbox 355 3854 485 3937; x_wconf 90' lang='lat' dir='ltr'>itaque,</span> <span class='ocrx_word' id='word_1_233' title='bbox 503 3855 649 3918; x_wconf 90' lang='lat' dir='ltr'>scientia</span> <span class='ocrx_word' id='word_1_234' title='bbox 665 3859 699 3917; x_wconf 93' lang='lat' dir='ltr'>et</span> <span class='ocrx_word' id='word_1_235' title='bbox 715 3852 916 3918; x_wconf 78' lang='lat' dir='ltr'>l&#39;ortitudine</span> <span class='ocrx_word' id='word_1_236' title='bbox 935 3852 1083 3935; x_wconf 87' lang='lat' dir='ltr'>praediti,</span> <span class='ocrx_word' id='word_1_237' title='bbox 1101 3873 1164 3935; x_wconf 91' lang='lat' dir='ltr'>ag·</span> 
     </span>
     <span class='ocr_line' id='line_1_35' title="bbox 220 3952 1165 4034; baseline 0.002 -20"><span class='ocrx_word' id='word_1_238' title='bbox 220 3952 400 4033; x_wconf 90' lang='lat' dir='ltr'>gredimini</span> <span class='ocrx_word' id='word_1_239' title='bbox 416 3954 637 4018; x_wconf 86' lang='lat' dir='ltr'>memorabile</span> <span class='ocrx_word' id='word_1_240' title='bbox 648 3954 724 4017; x_wconf 90' lang='lat' dir='ltr'>iter.</span> <span class='ocrx_word' id='word_1_241' title='bbox 776 3952 877 4016; x_wconf 83' lang='lat' dir='ltr'>Totis</span> <span class='ocrx_word' id='word_1_242' title='bbox 893 3953 1018 4027; x_wconf 86' lang='lat' dir='ltr'>seculis</span> <span class='ocrx_word' id='word_1_243' title='bbox 1039 3954 1165 4034; x_wconf 72' lang='lat' dir='ltr'>praedi</span> 
     </span>
     <span class='ocr_line' id='line_1_36' title="bbox 219 4052 1164 4135; baseline 0.001 -20"><span class='ocrx_word' id='word_1_244' title='bbox 219 4052 332 4129; x_wconf 91' lang='lat' dir='ltr'>candi,</span> <span class='ocrx_word' id='word_1_245' title='bbox 354 4054 384 4118; x_wconf 92' lang='lat' dir='ltr'>si</span> <span class='ocrx_word' id='word_1_246' title='bbox 407 4052 531 4117; x_wconf 83' lang='lat' dir='ltr'>fratres</span> <span class='ocrx_word' id='word_1_247' title='bbox 548 4059 683 4117; x_wconf 88' lang='lat' dir='ltr'>vestros</span> <span class='ocrx_word' id='word_1_248' title='bbox 705 4052 858 4134; x_wconf 87' lang='lat' dir='ltr'>periculo</span> <span class='ocrx_word' id='word_1_249' title='bbox 879 4054 1058 4130; x_wconf 87' lang='lat' dir='ltr'>exueritis,</span> <span class='ocrx_word' id='word_1_250' title='bbox 1075 4072 1164 4135; x_wconf 89' lang='lat' dir='ltr'>prae·</span> 
     </span>
     <span class='ocr_line' id='line_1_37' title="bbox 218 4152 1164 4235; baseline 0.004 -22"><span class='ocrx_word' id='word_1_251' title='bbox 218 4154 374 4216; x_wconf 87' lang='lat' dir='ltr'>sontibus</span> <span class='ocrx_word' id='word_1_252' title='bbox 407 4174 451 4216; x_wconf 85' lang='lat' dir='ltr'>ex</span> <span class='ocrx_word' id='word_1_253' title='bbox 485 4154 552 4218; x_wconf 90' lang='lat' dir='ltr'>Dei</span> <span class='ocrx_word' id='word_1_254' title='bbox 583 4152 720 4216; x_wconf 90' lang='lat' dir='ltr'>nomine</span> <span class='ocrx_word' id='word_1_255' title='bbox 751 4153 927 4235; x_wconf 69' lang='lat' dir='ltr'>praecipio,</span> <span class='ocrx_word' id='word_1_256' title='bbox 964 4154 1164 4217; x_wconf 89' lang='lat' dir='ltr'>absentibus</span> 
     </span>
     <span class='ocr_line' id='line_1_38' title="bbox 218 4251 1166 4336; baseline 0.003 -22"><span class='ocrx_word' id='word_1_257' title='bbox 218 4252 355 4317; x_wconf 92' lang='lat' dir='ltr'>mando.</span> <span class='ocrx_word' id='word_1_258' title='bbox 409 4252 500 4318; x_wconf 90' lang='lat' dir='ltr'>Ituri</span> <span class='ocrx_word' id='word_1_259' title='bbox 528 4261 564 4317; x_wconf 93' lang='lat' dir='ltr'>et</span> <span class='ocrx_word' id='word_1_260' title='bbox 588 4251 884 4316; x_wconf 77' lang='lat' dir='ltr'>christianitatem</span> <span class='ocrx_word' id='word_1_261' title='bbox 913 4256 1166 4336; x_wconf 88' lang='lat' dir='ltr'>propugnaturi</span> 
     </span>
    </p>
   </div>
   <div class='ocr_carea' id='block_1_7' title="bbox 0 0 1576 5025">
    <p class='ocr_par' dir='ltr' id='par_1_7' title="bbox 0 0 1576 5025">
     <span class='ocr_line' id='line_1_39' title="bbox 0 0 1576 5025; baseline 0 0"><span class='ocrx_word' id='word_1_262' title='bbox 0 0 1576 5025; x_wconf 95' lang='lat' dir='ltr'> </span> 
     </span>
    </p>
   </div>
  </div>
 </body>
</html>
