3142 5025
196 532 266 580 nra.
284 515 351 596 1v.]
427 531 541 579 cnsri
565 533 693 581 ancon
715 533 931 583 ancnoaou.
1082 519 1148 584 579

197 692 450 775 chicpiscopus,
464 693 525 773 qui
547 691 689 774 navigio
705 692 825 756 multis
848 690 913 755 sibi
936 690 1077 754 sociatis
1099 691 1148 752 ci·
1159 708 1262 799 {acum

197 793 299 855 vibus
323 791 527 856 Laodiciam
551 792 789 875 applicuerat;
823 799 860 855 et
887 797 1056 873 praeterea
1077 788 1147 853 duo
1160 770 1234 850 uiis
1261 769 1310 799 ω’

199 892 260 954 alii
274 892 442 974 episcopi.
476 891 535 955 Ita
545 891 679 974 junctis
691 891 888 972 agminibus
901 889 1149 971 computaban-

199 990 515 1082 tur,aestimatione
525 991 664 1067 librata,
674 1010 751 1054 esse
763 990 890 1072 viginti
904 990 1056 1072 quinque
1072 988 1149 1051 mil·

199 1090 270 1154 lia:
294 1109 441 1172 quorum
463 1090 577 1165 multi,
591 1096 702 1152 terras
724 1090 974 1153 Saracenorum
989 1087 1150 1168 ingressi,

199 1209 264 1272 pro
281 1189 451 1253 charitate
464 1188 678 1252 mercimonii
691 1188 783 1252 fame
797 1189 952 1251 conclusi
963 1207 973 1268 ;
988 1187 1090 1250 multi
1103 1207 1149 1250 ex

201 1289 377 1370 equitibus
401 1287 439 1350 in
465 1288 599 1370 pedites
623 1288 760 1364 mutati,
782 1288 881 1369 cquis
906 1287 1022 1350 inedia
1041 1287 1149 1350 inter·

202 1389 323 1471 ceptis.
383 1385 584 1451 Accedebat
604 1387 753 1450 miseriis
775 1386 937 1448 imbrium
962 1384 1151 1461 affluentia,

203 1487 296 1570 quod
311 1487 349 1550 in
362 1486 432 1550 illis
448 1487 550 1550 terris
566 1486 667 1569 quasi
680 1485 853 1569 praecipiti
862 1492 1015 1548 torrente
1030 1484 1152 1566 pluvia

202 1585 366 1669 hybernis
375 1586 549 1649 duntaxat
556 1585 732 1649 mensibus
745 1584 890 1648 inundet
900 1605 910 1664 3
922 1585 1041 1666 itaque
1052 1576 1150 1665 ¹pau-

202 1705 315 1768 peres,
340 1692 499 1750 carentes
526 1684 734 1761 mutatoriis,
762 1683 881 1766 algido
909 1684 1024 1765 rigore
1048 1683 1150 1746 mori-

203 1786 363 1862 ebantur,
385 1784 646 1867 quampluribus
661 1784 783 1848 diebus
806 1783 892 1846 nulli
913 1789 1006 1847 tecto
1030 1801 1169 1845 succe·-

204 1884 339 1948 dentes.
394 1884 442 1948 Et
471 1883 576 1967 hujus
606 1883 744 1966 quidem
776 1881 988 1947 calamitatis
1015 1882 1149 1945 nullum

203 1991 280 2048 erat
294 1984 493 2060 remedium,
507 1983 601 2064 quod
624 1989 661 2046 et
682 1983 833 2046 tentoria
855 1989 892 2046 et
912 1982 1009 2063 ligna
1025 1981 1149 2045 defice·

203 2090 294 2148 rent.
345 2080 397 2147 At
414 2101 498 2146 vero
517 2081 644 2146 famem
669 2081 825 2146 nonnihil
849 2077 1025 2158 levabant,
1045 2099 1149 2143 arun·

201 2182 301 2245 (lines
326 2182 477 2246 mellitas
498 2181 663 2244 continue
690 2180 851 2244 dentibus
876 2187 1039 2255 terenteS,
1062 2198 1150 2261 quas

201 2275 462 2357 'cannamellaa
472 2281 611 2344 nomine
621 2281 814 2362 composito
822 2297 986 2343 excanna
993 2286 1030 2342 et
1037 2279 1150 2354 melle,

204 2389 345 2444 vocant.
396 2373 533 2444 Sic⁸bis
549 2379 689 2443 omnino
704 2398 726 2441 a
739 2379 966 2461 Tripolitanis
980 2385 1017 2440 et
1030 2375 1150 2441 Caesa·

205 2480 377 2544 riensibus
392 2471 579 2543 ⁴immenso
593 2498 664 2543 oere
677 2479 872 2543 necessaria
890 2477 995 2554 nacti,
1013 2476 1150 2540 leroso-

203 2580 332 2662 lymam
357 2599 483 2643 venere
507 2578 649 2642 solstitii
676 2578 842 2642 brumalis
870 2577 938 2641 die.
988 2576 1150 2640 Occurrit

202 2680 273 2742 illis
287 2678 333 2741 ad
347 2685 468 2760 portas
488 2697 551 2741 rex
567 2675 777 2741 Godefridus
799 2696 880 2739 cum
900 2677 1008 2740 fratre
1023 2676 1150 2739 Eusta-

203 2777 295 2855 chio,
307 2782 411 2859 quem
433 2775 563 2839 adhoc
584 2784 721 2858 tempus
735 2776 943 2851 detinuerat,
958 2775 1043 2839 nihil
1064 2775 1149 2838 libe·

203 2876 355 2940 ralitatis
377 2883 414 2939 et
427 2870 568 2957 ⁵gratiae
591 2875 629 2937 in
648 2894 767 2939 eorum
791 2876 955 2939 omittens
972 2873 1147 2955 obsequio.

205 2976 277 3053 llli,
292 2975 443 3057 peractis
457 2974 495 3037 in
511 2973 692 3037 Bethleem
705 2994 750 3037 ex
765 2994 860 3037 more
872 2974 1065 3037 Dominicae
1076 2972 1151 3037 Na-

203 3075 354 3139 tiuitatis
369 3074 582 3149 solennibus,
596 3073 803 3137 Daibertnm
816 3072 1048 3155 patriarcham
1066 3092 1150 3136 con-

203 3175 361 3239 stituere.
410 3166 475 3235 ⁶In
486 3192 556 3254 quo
571 3173 665 3235 facto
680 3172 816 3236 Urbani
827 3191 929 3255 papae
945 3170 1150 3236 consensum

202 3273 396 3354 obligatum
410 3291 482 3335 non
496 3272 636 3353 ambigo
648 3291 658 3350 3
680 3272 774 3352 quod
789 3272 926 3335 essetis
940 3279 976 3335 et
989 3290 1150 3335 reveren-

203 3371 269 3435 dus
282 3372 392 3448 senio,
407 3378 443 3435 et
456 3378 581 3453 potens
594 3370 747 3452 eloquio,
762 3376 799 3433 et
813 3370 947 3452 pollens
961 3370 1150 3451 marsupio.

237 3700 407 3775 mam]
430 3707 460 3756 S.
479 3706 515 3755 D.
534 3706 567 3755 Ε.
573 3720 584 3767 ;
602 3720 667 3766 pau-
726 3696 896 3769 ‘Imme
922 3702 951 3750 S.
971 3701 1006 3749 D.
1026 3700 1075 3759 E.;
1098 3699 1153 3746 inli-

202 3779 325 3840 periotes,
335 3777 367 3825 1..
689 3774 752 3835 nito,
763 3772 794 3820 1..

237 3844 249 3876 ²
272 3845 473 3907 Camila]
499 3843 553 3892 'lhe
578 3856 667 3903 sugar-

203 3930 276 3964 cane.
300 3912 602 3963 Foranaccountofthc
612 3912 667 3960 cnl-
724 3902 872 3975 ‘crestal
892 3909 922 3957 c.
941 3907 975 3955 D.
993 3906 1025 3955 E.
1032 3918 1042 3965 ;
1059 3905 1153 3967 gratia-

201 3981 666 4033 tivauonmdmeantmmuactme
689 3978 801 4042 ηιμ.
814 3978 842 4027 S.
854 3977 886 4026 1..

203 4053 556 4114 ofthechmsecAlbertus
563 4051 668 4112 Aquen-

203 4125 250 4184 sis,
260 4123 469 4184 apceeanei,
478 4138 505 4183 p.
517 4126 575 4170 m.
726 4114 738 4146 ⁸
760 4118 792 4164 la
813 4130 859 4178 qao
873 4115 944 4174 sueto
969 4112 1064 4161 Urbani
1083 4126 1154 4175 pupoe

239 4188 667 4255 ⁸Bu.]a.1..;hir,c1.b.;
691 4174 1154 4247 mmmotagcummtigol

203 4263 252 4324 hii,
264 4262 296 4330 A,
308 4262 339 4311 S.
351 4264 405 4310 02.
693 4256 740 4304 See
752 4260 810 4303 note
820 4251 840 4316 ²,
851 4270 877 4315 p.
889 4257 947 4303 56⁹.
