3142 5025
429 514 495 578 666
644 530 758 578 ensrn
782 528 909 577 aneon
933 527 1146 576 nncconuu.
1243 512 1330 593 [cnr.
1347 527 1382 573 v.

271 706 390 747 conano
431 692 496 761 ret,
521 684 713 751 involvens.
766 687 826 751 Ita
844 694 998 768 tempore
1021 685 1203 769 aliquanto
1228 684 1266 747 in
1290 684 1379 748 inse-

271 757 405 846 lll'olilt
432 786 579 850 rioribus
602 787 716 870 plagis
737 794 905 864 moratus,
920 794 960 851 ut
975 793 1093 869 partes
1117 804 1200 849 suas
1222 792 1379 865 augeret,

273 858 387 908 P⁸¹³²¹⁵⁰⁸'
434 885 596 963 Romam,
611 888 812 969 compositis
830 887 868 951 in
883 885 1003 950 Gallia
1016 886 1131 961 rebus,
1144 886 1252 962 venit,
1272 885 1381 948 liben-

434 992 555 1067 terque
567 1004 589 1049 a
601 986 735 1052 civibus
749 985 849 1073 (nam
860 986 935 1070 jam
948 986 1138 1067 imperator
1154 979 1380 1067 discesserat)

435 1092 594 1167 receptus
610 1094 675 1151 est.
726 1085 818 1150 Tum
842 1085 1029 1162 Burdinus,
1046 1085 1081 1147 in
1098 1083 1212 1147 medio
1226 1084 1380 1160 relictus,

435 1183 591 1247 Sutrium
606 1184 738 1268 effugit,
754 1185 874 1249 multis
889 1185 1148 1268 peregrinorum
1169 1181 1379 1246 calamitati-

435 1284 500 1346 bus
526 1292 693 1367 papatum
718 1304 820 1349 suum
840 1284 958 1348 fovere
974 1284 1183 1361 meditatus3
1210 1282 1284 1359 sed,
1309 1301 1380 1364 quo

436 1382 537 1447 modo
564 1384 644 1451 inde
678 1385 724 1448 sit
754 1386 899 1469 ejectus,
929 1384 1088 1466 sequenti
1119 1381 1267 1464 epistola
1295 1400 1379 1462 cog-

436 1500 568 1546 nosces.

276 1601 389 1650 upnnor
487 1580 599 1664 5433.
631 1585 641 1617 ‘
653 1580 815 1645 Calixtus
842 1581 1036 1664 episcopus,
1060 1599 1181 1645 servus
1201 1598 1380 1644 servorum

274 1651 410 1691 mmmm
438 1680 517 1757 Dei,
546 1680 681 1745 dilectis
710 1679 875 1745 fratribus
913 1688 950 1745 et
979 1680 1072 1757 filiis,
1101 1679 1381 1761 archiepiscopis,

438 1780 621 1863 episcopis,
647 1781 843 1858 abbatibus,
873 1780 1058 1863 prioribus,
1087 1786 1123 1843 et
1146 1779 1283 1842 caeteris
1309 1785 1381 1842 tam

436 1878 570 1943 clericis
600 1899 704 1961 quam
736 1880 848 1957 laicis,
874 1880 969 1944 beati
1002 1878 1099 1943 Petri
1125 1877 1297 1955 fidelibus,
1320 1897 1383 1961 per

438 1976 573 2042 Gallias
590 1979 801 2057 constitutis,
813 1980 963 2044 salutem
977 1986 1013 2043 et
1028 1977 1254 2061 apostolicam
1278 1978 1382 2041 bene-

437 2077 632 2143 dictionem.
684 2078 779 2158 Quia
803 2078 985 2161 dereliquit
1006 2077 1156 2161 populus
1180 2077 1292 2158 legem
1308 2077 1381 2141 Do-

438 2178 533 2255 mini,
555 2179 642 2242 etin
654 2178 795 2263 judiciis
808 2178 885 2262 ejus
902 2198 974 2242 non
990 2177 1156 2254 ambulat,
1169 2177 1291 2242 visitat
1307 2177 1381 2240 Do-

437 2277 551 2340 minus
572 2278 673 2359 virga
696 2278 898 2361 iniquitates
921 2298 1038 2341 eorum
1066 2283 1102 2341 et
1124 2277 1161 2340 in
1184 2276 1383 2340 verberibus

436 2384 580 2457 peccata
603 2396 742 2442 eorum:
766 2386 921 2461 paternae
945 2385 1062 2441 temen
1082 2394 1291 2441 conservans
1310 2376 1382 2440 vis·

437 2494 517 2540 cera
547 2476 701 2560 pietatis,
729 2478 772 2542 de
803 2496 869 2543 sua
901 2476 1113 2542 confidentes
1146 2474 1382 2540 misericordia

437 2595 506 2640 non
524 2578 698 2660 relinquit.
751 2578 823 2642 Diu
844 2578 1025 2660 siquidem,
1039 2576 1190 2660 peccatis
1209 2575 1382 2657 exigenti-

437 2676 514 2753 bus,
540 2696 602 2758 per
622 2676 708 2740 illud
722 2676 994 2741 Teutonicomm
1018 2675 1111 2758 regis
1133 2675 1276 2751 idolum,
1291 2675 1381 2738 Bur·

437 2775 556 2838 dinum
570 2776 741 2855 videlicet,
755 2776 874 2840 fideles
891 2776 1045 2841 ecclesiae
1061 2775 1260 2840 conturbati
1275 2780 1380 2855 sunt3

438 2883 474 2939 et
485 2875 546 2938 alii
562 2875 699 2958 quidem
721 2877 827 2958 capti,
841 2875 901 2939 alii
917 2875 1088 2959 usquead
1107 2882 1252 2938 mortem
1266 2892 1380 2938 carce·

438 2973 485 3036 ris
499 2975 730 3038 maceratione
743 2973 862 3038 afflicti
874 2983 969 3039 sunt.
1008 2973 1131 3056 Nuper
1144 2980 1272 3051 autem,
1283 2973 1382 3038 festis

439 3071 665 3136 Pascbalibus
680 3073 874 3150 celebratis,
887 3092 966 3137 cum
979 3074 1240 3156 peregrinorum
1254 3080 1290 3136 et
1299 3091 1384 3156 pan·

437 3191 558 3255 perum
571 3171 738 3236 clamores
751 3173 841 3238 ferre
855 3174 995 3255 penitus
1011 3193 1082 3238 non
1097 3191 1290 3255 possemus,
1304 3191 1384 3235 cum

438 3271 593 3336 ecclesiae
608 3272 767 3337 fidelibus
778 3274 824 3337 ab
835 3275 921 3338 urbe
933 3272 1081 3354 digressi
1098 3290 1230 3350 sumus,
1244 3279 1280 3336 et
1295 3279 1384 3336 tam-

437 3369 495 3434 diu
514 3371 667 3436 Sutrium
685 3373 894 3450 obsedimus,
908 3373 1018 3437 donec
1033 3372 1153 3437 divina
1173 3371 1331 3454 potentia
1346 3377 1382 3434 et

437 3472 671 3553 supradictum
695 3473 851 3537 ecclesiae
872 3471 1049 3537 inimicum
1076 3471 1281 3548 Burdinum,
1304 3469 1382 3556 (qui

436 3571 574 3635 diabolo
599 3572 717 3635 nidum
742 3572 870 3636 ibidem
892 3569 1050 3656 fecerat)
1072 3578 1108 3635 et
1121 3571 1236 3634 locum
1256 3571 1383 3652 ipsum,

437 3670 576 3734 omnino
599 3670 635 3732 in
657 3678 813 3736 nostram
827 3671 969 3736 tradidit
988 3677 1209 3754 potestatem.
1262 3669 1383 3750 Roga·

437 3789 513 3832 mus
530 3770 649 3853 itaque
671 3770 876 3836 charitatem
890 3777 1042 3836 vestram
1063 3777 1103 3834 ut
1119 3789 1182 3853 pro
1198 3770 1306 3833 tantis
1322 3770 1381 3832 be-

437 3869 568 3933 neficiis
590 3889 661 3933 una
680 3870 857 3935 nobiscum
883 3871 974 3952 Regi
997 3890 1118 3952 regum
1138 3869 1271 3951 gratius
1295 3867 1383 3932 refe-

436 3969 534 4046 ratis,
551 3970 639 4033 etin
660 3970 839 4035 catholicae
858 3970 1013 4035 ecclesiae
1036 3969 1233 4034 obedientia
1252 3974 1287 4031 et
1308 3987 1380 4031 ser-

435 4068 522 4131 vitio
543 4071 822 4134 constantissime
843 4071 1026 4147 maneatis,
1043 4069 1303 4134 retributionem
1324 4067 1384 4131 de-

435 4165 542 4230 bitam
564 4168 600 4230 in
622 4171 785 4250 praesenti
809 4177 843 4234 et
865 4169 981 4235 futuro
999 4170 1043 4234 ab
1059 4170 1295 4250 omnipotente
1310 4168 1383 4231 Do-

434 4265 528 4331 mino
557 4287 619 4348 per
649 4269 724 4351 ejus
762 4271 910 4354 gratiam
948 4269 1130 4353 recepturi.
1200 4268 1381 4349 Rogamus
