3142 5025
223 496 361 577 mn.v.]
455 512 569 561 onera
592 512 719 562 nneuu
742 512 957 562 suetonum.
1108 496 1173 561 637

225 687 307 731 num
323 667 482 733 omnibus
497 666 570 731 suis
585 659 806 750 ¹praefecerat
821 686 906 748 rex;
928 667 1076 749 primum
1091 686 1174 732 can·

226 768 416 844 cellarium,
440 786 523 831 mox
538 767 737 849 episcopum
764 768 1004 843 constituerat,
1023 767 1173 849 pruden-

225 866 311 930 tiam
336 866 403 930 viri
427 873 605 947 expertus,
657 865 822 932 Sollerter
847 866 1078 930 administrati
1100 866 1174 948 epi-

226 971 391 1047 scopatus
411 963 559 1028 officium
581 984 679 1047 spem
700 964 828 1029 infudit
843 965 936 1047 quod
958 965 1082 1049 majori
1097 964 1174 1046 dig-

228 1083 294 1127 nus
311 1063 496 1127 haberetur
509 1082 649 1127 munere
662 1084 671 1143 3
689 1064 808 1145 itaque
820 1065 929 1127 totius
946 1066 1043 1145 regni
1057 1064 1175 1127 mode-

229 1182 347 1226 ramen
364 1160 458 1225 illius
479 1163 654 1244 delegavit
668 1162 830 1245 justitiae,
846 1163 920 1227 sive
942 1163 1017 1245 ipse
1038 1164 1176 1227 adesset

229 1260 382 1343 Angliee,
409 1261 484 1325 sive
512 1269 705 1326 moraretur
736 1260 973 1327 Normanniae.
1031 1262 1176 1343 Refugit

230 1362 412 1443 episcopus
428 1360 537 1425 tantis
560 1379 597 1424 se
620 1361 711 1425 curis
732 1361 922 1440 involvere,
937 1360 1003 1425 nisi
1025 1368 1097 1425 tres
1119 1380 1176 1423 ar·

230 1459 440 1542 chiepiscopi
467 1457 747 1537 Gantuarienses,
761 1458 960 1536 Anselmus,
989 1459 1176 1537 Radulius,

229 1558 439 1635 willelmus
467 1564 505 1621 'et
534 1566 708 1641 postremo
742 1578 847 1641 papa,
878 1558 1113 1642 injunxissent
1144 1558 1177 1622 ei

230 1677 355 1721 munus
380 1657 596 1721 obedientiae.
649 1656 786 1739 Sategit
813 1658 864 1721 ita
889 1658 963 1721 fieri
988 1657 1176 1735 Henricus,

231 1777 301 1821 uon
318 1756 453 1820 nescius
468 1756 560 1839 quod
577 1756 723 1820 fideliter
737 1775 802 1819 sua
817 1762 984 1822 tractaret
998 1757 1178 1821 commoda

233 1856 432 1937 Rogerius:
456 1874 520 1919 uec
537 1854 646 1918 defuit
660 1855 719 1918 ille
745 1856 819 1937 spei
843 1856 968 1936 regiae3
992 1857 1053 1920 sed
1078 1863 1178 1920 tanta

233 1954 446 2035 integritate,
470 1960 571 2018 tanta
595 1973 633 2017 se
655 1955 782 2035 agebat
806 1954 989 2031 industria,
1017 1962 1056 2019 ut
1081 1955 1179 2019 nulla

233 2059 354 2118 contra
372 2072 457 2117 eum
487 2053 697 2117 conflaretur
725 2052 868 2117 invidia.
925 2054 1086 2136 Denique
1115 2074 1178 2118 rex

232 2154 433 2235 plerumque
449 2152 608 2229 triennio,
627 2171 876 2234 nonnunquam
891 2153 1130 2234 quadriennio,
1144 2161 1179 2217 et

234 2271 274 2316 eo
310 2252 470 2333 amplius,
503 2252 539 2314 in
567 2248 784 2315 Normannia
820 2259 988 2329 moratus,
1013 2246 1110 2316 ²cum
1142 2254 1179 2316 iu

234 2370 378 2432 regnum
408 2354 650 2426 reverteretur,
679 2350 870 2432 deputabat
893 2351 1077 2434 justitiarii
1108 2372 1180 2415 mo-

233 2451 354 2515 destiae
372 2450 464 2533 quod
479 2450 563 2513 nihil
574 2446 769 2533 aut'parum
786 2449 985 2514 inveniebat
1001 2450 1179 2515 molestiae.

236 2550 335 2636 Inter
347 2550 434 2627 haec,
450 2550 685 2614 ecclesiastica
702 2548 815 2613 officia
834 2569 904 2613 non
919 2551 1107 2632 negligere,
1120 2551 1181 2614 sed

235 2651 389 2732 quotidie
411 2669 511 2713 mane
534 2648 651 2714 omnia
673 2649 817 2713 honeste
839 2650 1047 2732 persolvere,
1064 2656 1104 2714 ut
1119 2671 1183 2714 ex·

236 2749 386 2832 peditius
402 2755 437 2812 et
453 2749 563 2813 tutius
581 2749 716 2812 caeteris
730 2756 850 2831 posset
862 2749 1037 2815 accedere
1067 2780 1075 2806 .·
1088 2749 1182 2813 Pon-

235 2847 324 2912 tifex
358 2848 612 2929 magnanimuS,
647 2855 683 2912 et
711 2847 817 2912 nullis
847 2859 1001 2933 unquam
1036 2869 1184 2931 parcens

238 2948 446 3029 sumptibus,
463 2947 545 3010 dum
571 2967 649 3030 quae
674 2947 833 3012 facienda
856 2956 1075 3032 proponeret,
1100 2949 1185 3013 aedi·

239 3048 318 3111 ficia
342 3048 548 3130 praesertim,
563 3055 840 3128 consummaret3
866 3049 1062 3131 quodcum
1084 3048 1184 3127 alies,

239 3154 313 3211 tum
336 3147 488 3211 maxime
514 3147 552 3210 in
575 3147 764 3211 Salesbiria
788 3140 845 3211 ³et
873 3147 1110 3212 Malmesbiria
1131 3155 1185 3212 est

241 3247 367 3310 videre.
420 3246 519 3311 Fecit
544 3247 635 3310 enim
662 3246 710 3310 ibi
737 3245 884 3309 aedificia
909 3249 1023 3329 spatio
1047 3247 1184 3324 diffusa,

238 3364 380 3409 numero
409 3346 633 3428 pecuniarum
666 3352 883 3427 sumptuosa,
913 3346 1027 3428 specie
1057 3347 1185 3409 sormo-

239 3445 396 3524 sissima;
419 3445 470 3508 ita
487 3444 584 3528 juste
606 3445 797 3536 composito
819 3444 937 3507 ordine
958 3444 1124 3526 lapidum,
1146 3452 1186 3509 ut

235 3543 401 3627 junctura
417 3545 629 3626 perstringat
641 3543 818 3620 intuitum,
829 3552 864 3607 et
878 3551 993 3613 totam
1004 3546 1186 3608 maceriam

239 3662 345 3705 unum
368 3643 556 3706 mentiatur
575 3662 651 3706 esse
667 3661 805 3705 saxum.
857 3642 1048 3706 Ecclesiam
1071 3643 1186 3706 Sales-

240 3743 423 3805 biriensem
444 3749 480 3805 et
495 3761 621 3804 novam
637 3727 723 3805 fecit*
733 3749 769 3804 et
784 3742 995 3804 ornamentis
1021 3740 1187 3818 excoluit,

241 3848 281 3904 ut
305 3841 392 3903 nulli
414 3840 450 3904 in
467 3838 600 3922 Anglia
622 3841 735 3919 cedat,
757 3840 818 3904 sed
837 3840 965 3902 multas
990 3839 1187 3922 praecedat3

276 4071 285 4104 ¹
304 4072 454 4132 Prosocerot
475 4065 545 4139 rem]
564 4071 611 4121 See
629 4071 701 4122 Gnil.
727 4071 761 4122 A.
776 4073 806 4122 C.
819 4072 854 4122 D.
866 4072 899 4121 Ε.
914 4071 947 4121 G.
964 4072 1000 4121 K.
1017 4072 1069 4133 L.;
1085 4071 1190 4121 omitted

240 4143 366 4204 Neubrig.
378 4155 397 4192 1.
409 4146 434 4192 6.
727 4143 753 4190 in
766 4143 796 4191 S.

762 4209 820 4259 rm
839 4205 1029 4278 namnam]
1048 4212 1077 4262 s.
1093 4211 1128 4261 n.
1141 4211 1191 4272 n.;

1 4280 7 4579 ι
276 4279 502 4344 'Cumiaregaum
515 4315 537 4331 ..
548 4315 554 4329 .
566 4280 702 4343 molestia]
727 4281 832 4330 omitted
842 4282 868 4329 in
880 4281 933 4330 La.

1 4597 3 4665 i

1 4672 6 4793 i
