3142 5025
189 503 258 553 mn.
275 486 327 567 v0]
416 502 530 551 cnsrn
554 502 681 551 ancon
706 502 923 554 lucnoacn.
1078 491 1143 555 657

191 654 346 724 ¹illorum
370 660 611 743 episcoporum
637 666 673 723 ct
699 661 927 726 cardinalium
949 663 1022 746 qui,
1050 684 1141 747 prae-
1156 683 1278 726 aalma

190 768 292 843 cepto
308 760 437 823 domini
453 779 554 855 papae
570 759 764 837 Paschalis,
775 761 995 844 privilegium
1009 772 1045 828 et
1056 766 1143 828 ami-
1157 736 1294 829 {iiiiii}

143 884 148 893 ·
191 859 309 923 citiam
334 859 473 923 domino
503 858 658 922 Henrico
695 860 896 941 imperatori
924 872 1144 928 sacramento
1158 837 1224 887 Μ
1232 847 1276 876 ’⁹⁰'

192 958 505 1023 confirmaverunt:
545 957 673 1021 Petrus
711 957 918 1024 Portuensis
947 963 1145 1046 episcopus,

195 1057 339 1123 Gentius
357 1056 558 1122 Sabincnsis
575 1058 769 1140 episcopus
788 1059 965 1124 Robertus
982 1062 1145 1127 cardina·-

194 1158 238 1222 lis
265 1157 378 1221 sancti
407 1156 561 1234 Eusebii,
587 1156 797 1221 Bonefacius
821 1158 1006 1224 cardinalis
1033 1163 1145 1227 sancti

196 1257 322 1334 Marci,
347 1256 558 1321 Anastasius
588 1255 773 1320 cardinalis
803 1260 916 1322 sancti
943 1258 1145 1340 Clementis,

197 1355 388 1438 Gregorius
405 1355 592 1419 cardinalis
609 1357 847 1437 apostolorum
863 1357 960 1422 Petri
977 1366 1013 1423 et
1028 1359 1145 1439 Pauli,

196 1457 279 1520 item
298 1454 489 1538 Gregorius
512 1455 698 1519 cardinalis
721 1456 833 1519 sancti
849 1456 1068 1539 chrisogoni,
1082 1458 1106 1522 J
1108 1479 1146 1523 o-

197 1556 329 1619 hannes
341 1555 527 1619 cardinalis
547 1561 678 1618 sanctae
697 1553 929 1633 Potentianae,
945 1557 1053 1621 Risus
1070 1578 1147 1621 car-

196 1654 322 1719 dinalis
363 1656 476 1719 sancti
520 1653 712 1731 Laurentii,
749 1653 920 1718 Reinerus
961 1658 1147 1721 cardinalis

199 1762 398 1819 sanctorum
436 1753 633 1818 Marcellini
665 1761 700 1817 et
735 1752 844 1830 Petri,
874 1754 1004 1819 Vitalis
1034 1757 1146 1821 cardi·

199 1854 290 1917 nolis
303 1870 305 1877 ’
318 1860 448 1917 sanctae
480 1853 651 1930 Balbinae,
676 1852 795 1916 Teuzo
821 1853 1004 1919 cardinalis
1034 1858 1147 1921 sancti

201 1952 327 2031 Marci,
342 1952 560 2017 Thetbaldus
586 1952 772 2016 cardinalis
786 1951 810 2015 J
812 1952 959 2017 ohannis
979 1961 1015 2018 et
1029 1954 1145 2033 Pauli,

200 2052 224 2116 J
226 2053 380 2117 ohannes
397 2053 546 2116 decanus
556 2044 610 2115 ²in
625 2051 752 2116 Schola
763 2050 902 2130 Graeca,
914 2053 986 2117 Leo
995 2053 1145 2119 decanus
1176 2071 1178 2074 ·

200 2153 313 2216 sancti
330 2152 473 2228 vitalis,
489 2149 581 2216 Albo
597 2152 749 2215 decanus
765 2150 879 2233 Sergii
895 2159 930 2216 et
945 2153 1068 2217 Bachi.

251 2251 269 2335 §
285 2251 362 2315 422.
387 2252 470 2334 Ipse
484 2252 589 2315 etiam
603 2271 666 2314 rex
680 2250 745 2313 hoc
764 2259 1019 2315 sacramentum
1039 2252 1143 2316 fecit:

202 2351 304 2433 ‘Ego
328 2350 503 2415 Henricus
526 2370 590 2414 rex
607 2350 733 2414 liberos
748 2351 931 2428 dimittam,
948 2360 1074 2432 quarta
1089 2352 1146 2415 vel

202 2451 324 2535 quinta
339 2450 425 2515 seria
436 2450 607 2533 proxima,
622 2456 657 2514 et
671 2449 847 2514 dominum
868 2459 1056 2534 papamet
1072 2451 1146 2534 epi·

201 2569 325 2633 scopos
340 2558 376 2615 et
389 2551 595 2628 cardinaleS,
611 2557 646 2613 et
657 2569 776 2614 omnes
790 2551 947 2633 captivos
960 2559 997 2615 et
1009 2551 1146 2616 obsides

203 2651 263 2733 qui
279 2670 343 2735 pro
360 2670 401 2714 eo
417 2650 475 2714 vel
500 2669 578 2713 cum
596 2669 636 2712 eo
651 2650 746 2730 capti
764 2656 857 2727 sunt,
875 2657 911 2714 et
928 2669 1047 2715 secure
1069 2672 1146 2734 per·

202 2749 281 2813 duci
298 2748 422 2812 faciam
439 2750 531 2812 intra
547 2747 667 2832 portas
684 2748 955 2813 Transtiberinae
972 2751 1146 2830 civitatis3

203 2842 284 2912 ³nec
301 2847 446 2912 ulterius
464 2849 611 2930 capiam,
622 2854 684 2911 aut
694 2849 773 2931 capi
790 2850 1001 2932 permittam,
1013 2870 1073 2914 eos
1088 2850 1149 2932 qui

204 2948 240 3012 in
265 2948 433 3012 fidelitate
454 2948 583 3012 domini
598 2967 700 3032 papae
718 2947 900 3012 Paschalis
923 2957 1146 3031 permanentt

205 3055 240 3112 et
255 3040 401 3130 ⁴populo
419 3047 578 3112 Romano
593 3054 628 3111 et
645 3047 916 3112 Transtiberinae
930 3049 1066 3113 civitati
1086 3068 1149 3131 pu·

201 3167 275 3212 cem
301 3155 338 3211 et
353 3148 573 3211 securitatem
601 3148 761 3224 servabo,
779 3153 849 3210 tam
876 3167 938 3229 per
963 3169 1019 3212 me
1044 3168 1148 3232 quam

203 3267 264 3329 per
286 3265 394 3324 meos,
410 3247 446 3310 in
471 3245 640 3328 personis,
654 3247 714 3329 qui
736 3265 857 3328 pacem
879 3246 961 3309 mihi
986 3267 1148 3312 servave-

203 3347 284 3410 rint.
337 3347 525 3411 Dominum
540 3365 666 3431 papam
681 3345 828 3409 fideliter
843 3347 1017 3429 adjuvabo
1030 3354 1070 3411 ut
1087 3367 1149 3429 pa-

203 3454 323 3528 patum
336 3465 437 3512 suum
448 3447 562 3528 quiete
580 3453 615 3510 et
630 3465 750 3509 secure
767 3452 896 3508 teneat.
934 3444 1150 3514 Patrimonia
1254 3524 1258 3531 ,

202 3553 238 3610 et
265 3547 501 3628 possessiones
535 3545 704 3610 Romanae
733 3544 888 3608 ecclesiae
915 3564 994 3626 quae
1021 3546 1151 3611 abstuli

203 3645 397 3722 rcstituam,
414 3652 449 3709 ct
466 3652 591 3709 cuncta
607 3665 687 3728 quae
710 3644 837 3708 habere
850 3643 952 3708 debet
969 3665 1065 3709 more
1087 3666 1150 3709 an-

238 3929 383 4002 murum]
401 3933 436 3986 A.
454 3934 483 3984 S.
503 3937 533 3985 G.
553 3936 589 3988 D.
609 3937 663 3989 Ea.
688 3936 798 3998 version,
819 3935 889 3986 there
918 3935 1009 4003 taught
1035 3937 1151 3995 rhetoric.

202 4007 274 4064 L2.;
291 4004 394 4053 omitted
405 4005 432 4052 in
443 4006 467 4052 Ε
476 4008 499 4054 1.
688 4004 849 4072 (Lumisden,
860 4001 929 4068 318.)

237 4072 287 4122 'la
295 4074 382 4122 Schola
391 4074 561 4137 Groecu.]'l¹he
570 4073 664 4123 church
725 4073 736 4106 ⁸
759 4077 813 4124 Nec
835 4075 939 4124 oderim
1032 4077 1151 4142 cirum]

203 4145 232 4192 of
249 4145 276 4192 S.
289 4144 373 4193 Maria
391 4144 417 4192 in
433 4144 526 4193 Scuola
542 4144 626 4194 Greca
642 4145 665 4192 is
692 4146 720 4195 S.
735 4147 764 4194 C.
777 4146 812 4194 D.
823 4146 872 4206 E.;
888 4146 992 4194 omitted
1002 4146 1140 4197 inAM.

203 4229 232 4263 so
249 4214 332 4262 called
348 4213 412 4262 from
435 4228 450 4262 a
472 4215 591 4262 tradition
611 4213 666 4262 that
726 4212 735 4242 ⁴
758 4216 853 4278 Populo
876 4216 1006 4280 Romam]
1028 4218 1079 4279 (δὶς
1106 4233 1153 4280 pc-

203 4285 240 4332 St.
261 4285 414 4347 Augustino,
440 4284 524 4334 before
546 4282 587 4333 his
609 4297 666 4340 con·
690 4286 745 4347 puli
757 4286 873 4349 Romani,
885 4287 915 4337 C.
926 4286 962 4337 D.
974 4288 1008 4338 Ε.
