3142 5025
452 719 858 856 Pnonocus

357 957 412 1016 IN
442 957 648 1019 LIBRUM
681 956 957 1023 QUARTUM.

183 1265 321 1314 INCIPIT
354 1264 539 1312 PROLOGUS
580 1265 766 1313 wlbbuuul
801 1264 1132 1314 unnusssulltluusls

232 1365 271 1412 IN
297 1365 405 1413 LIBRO
428 1364 577 1424 Qunu‘ro
609 1365 657 1412 Du
689 1364 813 1413 ossula
842 1365 970 1413 aucun
993 1364 1130 1413 ANGLO-

233 1465 327 1514 RUM.

206 1634 226 1665 a
242 1657 329 1691 ,
348 1603 441 1668 clo
489 1603 662 1686 plerisque
701 1603 856 1685 Ineptum
894 1602 1005 1667 videri
1042 1603 1134 1685 quod

190 1738 226 1785 χ
265 1694 324 1795 ᾖ,
372 1704 481 1785 gestis
506 1703 616 1768 nostri
636 1703 801 1784 temporis
831 1722 953 1784 regum
982 1703 1135 1766 scriben-

192 1790 228 1895 ⁵3,
242 1786 311 1889 ’ξῇ
374 1802 428 1867 dis
470 1803 599 1885 stylum
647 1802 897 1883 applicuerim3
940 1802 1134 1867 dicentibus

205 1916 229 1933 ff
271 1884 308 1943 1¹
320 1900 326 1923 ‘
374 1902 467 1984 quod
488 1903 525 1964 in
550 1901 719 1985 ejusmodi
753 1901 892 1983 scriptis
922 1921 1016 1984 saepe
1050 1921 1136 1966 nau·

182 2001 342 2082 fragatur
366 2002 496 2065 veritas
527 2007 563 2064 et
589 1999 804 2082 suffragatur
826 2000 974 2077 falsitas,
1007 2002 1135 2084 quippe

185 2099 409 2183 praesentium
441 2100 535 2164 mala
560 2100 764 2182 periculose,
788 2101 881 2163 bona
905 2100 1135 2181 plausibiliter

183 2199 357 2263 dicuntur.
410 2200 462 2264 Eo
477 2200 518 2263 fit
533 2195 731 2284 (inquiunt)
752 2205 804 2275 ut,
820 2200 903 2280 quia
923 2200 1027 2263 modo
1044 2193 1135 2263 lom-

183 2299 243 2362 nia
263 2297 376 2380 magis
398 2300 442 2362 ad
463 2299 564 2382 pejus
581 2317 685 2381 quam
708 2298 752 2361 ad
774 2298 897 2362 melius
918 2299 990 2363 sint
1009 2299 1136 2382 procli-

184 2398 255 2474 via,
277 2399 426 2481 scriptor
446 2398 551 2464 obvia
582 2398 675 2461 mala
703 2390 864 2480 'propter
890 2405 1020 2461 metum
1047 2417 1136 2481 prae-

184 2505 308 2575 tereat,
322 2505 370 2575 et,
387 2499 478 2565 bona
487 2499 518 2562 si
532 2518 602 2562 non
619 2505 714 2575 sunt,
722 2503 866 2580 propter
875 2496 1036 2580 plausum
1051 2518 1134 2562 con-

183 2598 305 2681 lingat.
357 2598 446 2663 Sunt
472 2598 532 2661 alli
552 2599 624 2680 qui,
647 2618 711 2661 nos
731 2617 777 2661 ex
800 2597 949 2679 segnitie
976 2616 1042 2661 sua
1064 2618 1135 2661 me-

64 2722 70 2731 ·
185 2698 324 2775 tientes,
341 2697 490 2779 impares
513 2704 614 2762 tanto
635 2697 767 2761 muneri
786 2697 1000 2775 existimant,
1016 2706 1053 2763 et
1068 2697 1134 2762 boc

184 2796 337 2860 studium
353 2816 463 2879 prava
476 2796 723 2879 suggillatione
739 2796 989 2861 contaminant.
1040 2797 1133 2875 Qua·

183 2903 328 2979 propter
348 2896 423 2980 jam
449 2896 593 2978 pridem,
621 2897 678 2960 vel
701 2896 841 2959 illorum
868 2895 1050 2961 ratiocinio
1077 2898 1134 2961 vel

182 2994 329 3059 istorum
344 2994 485 3060 fastidio
495 2994 687 3078 perculsus,
704 2996 739 3059 in
756 2996 866 3059 otium
883 3014 1134 3073 concesseram,

183 3094 323 3159 silentio
339 3093 486 3159 libenter
501 3094 745 3177 adquiescens3
762 3094 824 3158 sed
837 3095 918 3159 dum
933 3095 1135 3178 aliquandiu

184 3193 322 3257 solutus
356 3193 481 3257 inertia
506 3212 699 3271 vacassem,
731 3213 852 3257 rursus
881 3194 1006 3258 solitus
1038 3214 1135 3259 amor

184 3292 379 3357 studiorum
393 3311 511 3357 aurem
520 3292 619 3357 vellit
629 3298 665 3356 et
679 3311 820 3355 manum
833 3291 966 3377 injecit,
977 3302 1135 3377 propter-

186 3410 229 3455 ea
243 3392 335 3473 quod
357 3410 421 3455 neo
441 3392 491 3455 nil
512 3410 615 3474 agere
631 3411 781 3474 possem,
799 3398 835 3455 et
850 3392 925 3456 istis
940 3393 1135 3457 forensibus

185 3498 222 3554 et
238 3490 377 3554 homine
393 3490 531 3555 literato
547 3490 698 3572 indignis
715 3492 808 3555 curis
829 3510 884 3555 me
905 3490 1043 3556 tradere
1065 3513 1135 3557 non

185 3608 336 3654 nossem.
387 3586 575 3653 Accessere
601 3590 789 3653 amicorum
810 3610 964 3655 meorum
992 3591 1136 3670 stimuli,

185 3708 333 3771 quorum
348 3688 404 3751 vel
420 3689 537 3752 tacitae
562 3689 778 3771 suggestioni
791 3689 894 3753 deese
915 3709 985 3753 non
1008 3690 1112 3753 debui
1125 3712 1135 3770 ;

185 3794 223 3851 et
241 3786 293 3849 illi
312 3786 449 3869 quidem
472 3787 625 3852 modeste
645 3788 721 3871 jam
742 3789 952 3870 prurientem
967 3789 1137 3871 Impulere

185 3891 226 3949 ut
251 3892 405 3967 coeptum
428 3905 664 3969 prosequerer.
717 3886 863 3951 Illorum
890 3888 1021 3970 itaque,
1048 3907 1136 3970 quos

187 3984 328 4067 penitus
343 3984 495 4064 reposito
512 4004 628 4050 amore
649 3984 769 4068 diligo,
788 3985 983 4051 hortatibus
1004 3987 1138 4050 anima

190 4090 249 4147 tus
279 4100 437 4164 assurgo,
460 4090 500 4147 ut
529 4103 575 4147 ex
596 4085 747 4166 pectorIs
768 4086 879 4150 nostri
901 4086 1138 4168 promptuario

224 4317 232 4348 ¹
257 4322 369 4385 Omnia]
387 4321 422 4373 D.
442 4322 493 4382 E.;
518 4338 583 4385 pene
599 4338 651 4373 om·
713 4320 845 4388 'Propter
864 4322 977 4394 utura]
1000 4327 1034 4378 A.
1052 4329 1082 4378 S·
1103 4329 1138 4379 I).

185 4390 239 4453 ula,
250 4391 282 4440 1„
679 4394 710 4442 Ε.
722 4394 771 4455 1ι.;
788 4396 891 4445 omitted
902 4397 929 4445 iu
941 4398 972 4449 C.
