3142 5025
194 526 356 608 nrn.111.]
427 543 541 592 cnsrs
564 543 692 592 ancus
715 543 931 594 arenosus.
1082 529 1149 594 467

195 701 330 785 ejectus
342 721 352 780 3
368 719 392 764 a
404 701 611 784 qmbusdam
625 702 752 767 dicitur
766 721 791 766 a
806 702 941 766 civibus
955 703 993 766 iu
1007 702 1149 784 publico

195 801 300 884 epulo
323 800 540 866 interfectus.
591 802 762 866 Veritatis
789 822 874 884 ergo
902 803 1028 866 notitia
1050 803 1149 866 labat

194 901 232 962 in
258 901 377 978 dubio,
400 901 483 966 licet
503 908 626 966 neuter
644 921 765 966 eorum
785 902 935 966 defuerit
952 901 1054 966 famae
1072 921 1148 965 suar

194 1000 403 1080 patrocinio.

248 1099 359 1182 §288.
384 1099 455 1162 Illa
469 1098 537 1162 fuit
556 1107 745 1182 tempestas
759 1119 831 1182 qua
843 1100 990 1164 Henrici
1002 1099 1147 1186 (dequo
1158 1127 1290 1178 mn,

194 1199 288 1262 inter
309 1206 412 1280 gesta
432 1199 600 1263 witelmi
621 1200 759 1263 locutus
780 1197 875 1284 sum)
895 1201 1091 1264 mamone
1111 1179 1299 1278 etima?

192 1317 287 1380 pene
306 1298 484 1362 funestum
505 1319 567 1381 per
582 1298 837 1382 quinquaginta
850 1319 962 1363 annos
976 1299 1147 1363 Alaman-

196 1399 258 1462 nia
282 1399 453 1480 ingemuit
478 1398 671 1481 imperium.
722 1398 868 1463 Eratis
895 1418 1009 1482 neque
1029 1400 1147 1463 ineru-

196 1497 292 1562 ditus
314 1517 428 1580 neque
449 1498 610 1580 ignavus,
640 1497 701 1562 scd
729 1497 804 1562 fato
829 1499 981 1580 quodam
1004 1500 1050 1562 ab
1072 1517 1147 1562 om·

196 1598 301 1661 uibus
312 1599 366 1662 ita
378 1598 571 1679 impetitus,
585 1605 626 1661 ut
638 1617 710 1661 rem
723 1597 901 1679 religionis
913 1605 1065 1664 tractare
1080 1599 1148 1662 sibi

197 1697 378 1761 videretur
404 1698 561 1779 quisquis
593 1697 631 1760 in
666 1697 764 1760 illum
799 1717 898 1762 arma
930 1698 1145 1780 produceret

197 1795 367 1860 Habebat
396 1797 488 1860 filios
516 1797 616 1873 duos,
642 1795 840 1860 Conradum
866 1805 903 1861 et
932 1797 1147 1862 Henricum:

197 1897 295 1978 prior
316 1896 403 1960 nibil
424 1896 566 1979 impium
588 1903 711 1960 contra
725 1905 904 1978 parentem
925 1917 1044 1974 ausus,
1065 1899 1148 1960 sub-

191 1996 322 2079 jugata
353 1995 472 2073 Italia,
503 1995 596 2079 apud
619 1993 780 2059 Aretium
809 1997 987 2060 civitatem
1009 1997 1148 2060 Tusciae

196 2095 273 2158 dies
300 2096 524 2178 expleverat:
547 2095 637 2158 alter
658 2101 806 2177 patrem,
827 2095 1082 2178 aliquantulum
1102 2097 1148 2160 ab

196 2196 355 2258 externis
369 2195 544 2271 feriatum,
557 2194 669 2276 primo
681 2195 750 2257 aevi
763 2197 935 2276 tyrocinio
948 2214 1148 2277 aggressus,

196 2294 320 2358 cedere
333 2294 479 2377 imperio
492 2294 677 2376 compulit3
700 2311 764 2356 nec
776 2295 887 2358 multo
900 2303 993 2377 post,
1006 2295 1149 2360 defunc·

197 2401 274 2457 tum
297 2393 535 2475 imperialibus
558 2392 690 2457 inferiis
714 2393 852 2456 extulit.
903 2394 1004 2457 Vivit
1022 2395 1148 2472 adbuc,

197 2493 354 2578 ejusdem
379 2494 562 2557 sententiae
590 2491 815 2576 pertinaciter
836 2513 971 2577 sequax
991 2514 1057 2577 pro
1077 2514 1149 2577 qua

196 2602 333 2676 patrem
349 2592 624 2677 persequendum
643 2599 850 2675 putaverat:
873 2614 955 2657 nam
976 2602 1013 2657 ct
1031 2594 1149 2657 inres-

196 2694 342 2758 tituram
358 2693 583 2757 ecclesiarum
600 2711 664 2775 per
677 2692 839 2756 baculum
854 2702 891 2757 et
903 2694 1071 2757 annulum
1084 2694 1148 2757 do·

197 2800 273 2870 nat,
287 2800 324 2856 et
336 2793 412 2857 sine
433 2812 498 2856 suo
512 2792 683 2855 arbitratu
697 2810 824 2874 papam
835 2794 984 2857 electum
1006 2812 1077 2857 non
1099 2795 1148 2857 ie-

196 2893 358 2975 gitimum
373 2893 545 2971 aestimat3
560 2891 642 2955 licet
654 2890 828 2969 Calixtus,
842 2886 916 2975 ¹qui
930 2892 1034 2956 modo
1044 2911 1149 2976 apos·

197 2992 315 3056 tolicae
339 2991 413 3055 sedi
435 2990 610 3074 praesidet,
625 2990 842 3054 immodicam
857 2992 925 3056 viri
945 2992 1148 3056 nuditatem

196 3092 339 3173 egregie
358 3091 558 3155 inhibuerit.
609 3089 742 3154 Verum
756 3089 801 3154 de
818 3090 873 3154 bis
890 3092 992 3173 plura
1003 3110 1059 3155 me
1074 3092 1148 3156 dic-

195 3198 316 3255 turum
336 3191 447 3255 lector
459 3188 691 3273 praestolctur,
710 3208 790 3253 cum
809 3191 917 3255 series
937 3192 1149 3257 narrationis

196 3291 395 3375 expetierit.

250 3389 361 3473 §wib
385 3389 497 3453 Porro
517 3387 757 3451 Hildebrando
770 3406 864 3470 papa
877 3386 937 3473 (nt
949 3386 1041 3473 dixi)
1055 3411 1147 3455 mor·
1159 3404 1301 3446 emma

197 3498 274 3567 tuo,
295 3496 332 3553 et
347 3488 493 3552 Urbano
512 3506 536 3551 a
556 3486 789 3550 cardinalibus
811 3487 935 3565 eleeto,
959 3489 1148 3572 imperator
1157 3458 1308 3595 {wne

198 3589 303 3652 haesit
318 3588 355 3651 in
370 3588 550 3671 proposito
569 3594 610 3649 ut
625 3586 821 3651 Wibertum
842 3586 1021 3668 praeferret
1032 3597 1069 3653 et
1083 3610 1146 3673 pa·
1199 3558 1309 3606 ”m

198 3708 281 3771 pam
309 3688 497 3763 dictitaret,
525 3686 730 3769 Romaeque,
761 3686 872 3749 altero
904 3688 1064 3770 expulso,
1091 3690 1147 3752 in-

198 3789 329 3852 ferret:
352 3786 414 3850 sed
438 3785 583 3868 oequiori
606 3783 665 3871 (ut
689 3781 889 3869 videbatur)
913 3804 1028 3849 causae
1050 3788 1149 3851 affuit

197 3887 325 3952 militia
340 3880 519 3951 ²Matildis
535 3884 709 3962 Marcisae,
723 3902 803 3967 quae
820 3884 930 3948 oblita
943 3904 1063 3964 sexus,
1084 3908 1148 3952 nec

214 4086 665 4173 'rQsimodospostolicoescdiproe-
687 4049 1150 4185 &maffia

195 4158 664 4279 fflitffffiiurffiffiffi
688 4191 718 4240 ⁰¹
735 4192 864 4254 rum,
885 4193 937 4242 nm
957 4198 986 4242 st
1006 4194 1052 4243 rer
1071 4194 1150 4243 aaa

196 4300 241 4349 tbe
253 4262 502 4352 litbcrltthed.
515 4300 588 4348 1124.
687 4262 818 4310 md
842 4262 888 4311 Μ
908 4264 1029 4314 m
1049 4278 1151 4326 1¹⁰⁸*

688 4331 1022 4394 sionsnpnntlsebclysee.
