3142 5025
234 482 374 562 nrn.v.]
463 497 577 545 GESTA
601 496 727 544 aucun
751 496 963 545 nncuoaun.
1121 483 1187 547 683

235 654 410 718 sedetiam
426 654 518 719 ultro
530 654 636 719 missa
648 648 845 719 ¹remittitis.
870 654 1049 734 Quantum
1060 654 1125 718 hoc
1139 656 1186 718 sit

233 754 302 819 isto
316 756 507 836 prasertim
525 763 691 839 tempore,
707 762 848 838 quantae
865 756 901 817 in
919 755 1036 819 seculo
1050 755 1183 835 gloriae,

233 861 373 936 quautae
388 853 480 937 apud
497 855 610 918 Deum
633 856 768 937 gratiae,
782 854 850 937 ipsi
869 863 962 919 certe
976 854 1182 935 intelligitis.

235 953 347 1017 Beata
362 961 416 1018 est
431 955 548 1036 igitur,
573 954 761 1019 secundum
786 954 993 1018 sententiam
1010 952 1181 1031 PlatoniS,

233 1053 427 1135 respublica
457 1053 557 1138 cujus
589 1061 701 1118 rector
729 1061 783 1117 est
813 1053 1050 1136 philosophus
1083 1053 1181 1137 cujus

231 1153 390 1234 princeps
418 1172 487 1217 non
517 1153 711 1231 delectatur
738 1153 950 1216 muneribus.
987 1152 1113 1216 Plura
1137 1153 1180 1216 de

232 1252 359 1316 talibus
374 1252 534 1327 dicerem,
554 1253 621 1317 nisi
637 1259 672 1316 et
688 1253 839 1334 suspicio
854 1270 940 1315 meae
958 1251 1178 1329 adulationis,

231 1358 266 1415 et
282 1351 456 1415 laudanda
470 1352 639 1418 modestia
652 1352 759 1416 vestri
779 1352 921 1434 pudoris
938 1351 1177 1416 dicturientem

230 1450 417 1514 cohiberet.
484 1450 574 1515 Sane
603 1471 681 1533 quae
709 1451 782 1513 dixi
814 1471 883 1514 non
913 1452 1177 1533 praetermittere

229 1550 296 1614 fuit
317 1550 511 1628 consilium,
527 1558 567 1614 ut
588 1571 650 1633 per
670 1549 818 1614 officium
841 1550 970 1633 linguae
988 1570 1073 1614 meae
1097 1570 1177 1631 pro-

228 1650 319 1715 bitas
335 1658 452 1714 vestra
475 1658 632 1733 posteros
655 1670 723 1714 non
748 1650 869 1728 lateat,
887 1659 922 1714 et
945 1651 1022 1733 ipsa
1049 1650 1092 1713 de
1105 1651 1175 1713 vir-

178 1790 179 1795 1
229 1757 304 1813 tute
320 1751 356 1813 iu
371 1750 533 1815 virtutem
550 1751 714 1832 prolicere
728 1750 926 1816 contendat.
973 1749 1019 1815 Et
1036 1750 1175 1831 quidem

223 1848 440 1931 jamdudum,
477 1849 682 1932 quibusdam
713 1849 1012 1931 persuadentibus
1043 1849 1175 1913 ferebat

228 1949 362 2012 animus
385 1956 436 2026 ut,
452 1968 530 2031 quae
554 1948 797 2032 praetereunda
818 1969 887 2014 non
915 1955 1086 2031 putarem,
1111 1969 1174 2031 per

226 2049 407 2113 succiduos
429 2069 564 2132 semper
586 2068 694 2112 annos
717 2048 798 2111 buic
823 2049 919 2131 operi
942 2066 1172 2131 apponerem3

227 2148 288 2211 sed
315 2149 506 2213 consultius
527 2148 665 2212 videtur
691 2148 795 2210 alium
826 2147 869 2213 de
893 2148 1022 2211 talibus
1047 2148 1172 2212 librum

226 2248 426 2330 procudere,
451 2268 555 2330 quam
577 2248 652 2332 jam
676 2246 836 2310 absoluto
861 2247 1059 2330 frequenter
1081 2267 1172 2312 nova

225 2348 399 2412 insuere·
437 2346 513 2411 Nec
543 2366 627 2411 vero
660 2347 843 2429 quisquam
876 2346 1085 2429 superfluam
1117 2367 1172 2411 me

226 2466 366 2530 operam
387 2447 481 2511 dicat
497 2447 680 2525 insumere,
696 2446 725 2507 si
742 2445 924 2510 clarissimi
940 2447 1092 2509 omnium
1106 2465 1171 2509 sua

226 2554 330 2611 aetate
354 2567 475 2628 regum
495 2555 596 2629 gesta
619 2565 796 2629 propono:
821 2546 931 2610 multa
952 2547 1042 2610 enim
1065 2547 1169 2610 subli-

226 2646 339 2710 mitati
361 2647 437 2731 ejus
460 2665 536 2709 mea
557 2645 734 2709 humilitas
756 2646 870 2722 debet,
884 2654 920 2710 et
936 2646 1047 2709 adbuc
1069 2646 1171 2728 plura

224 2744 374 2823 debebit,
397 2752 448 2822 ut,
471 2747 500 2809 si
525 2745 611 2809 nihil
636 2744 729 2809 aliud
755 2751 859 2821 esset,
883 2745 975 2827 quod
1001 2765 1039 2808 se
1064 2746 1169 2810 talem

224 2844 333 2907 filium
356 2845 482 2909 habere
506 2845 653 2926 gaudet3
687 2865 767 2908 nam
791 2853 827 2909 et
850 2845 932 2908 olim
960 2845 1051 2909 felici
1075 2853 1167 2911 sorte

223 2951 432 3026 susceptum,
455 2965 524 3008 non
542 2944 786 3026 perfunctorie,
802 2951 842 3008 ut
856 2944 958 3008 bodie
981 2944 1101 3022 claret,
1123 2945 1166 3009 li-

223 3045 305 3108 teris
320 3045 446 3108 erudiri
461 3045 638 3128 praecepit,
653 3052 734 3127 post
750 3045 855 3108 etiam
878 3044 1166 3127 amplissimarum

220 3145 476 3226 possessionum
491 3145 573 3208 lecit
590 3143 778 3220 dominum,
797 3163 888 3208 nunc
902 3152 1076 3228 postremo
1089 3139 1165 3226 ²pa-

221 3243 324 3307 trium
355 3243 392 3307 in
419 3263 483 3309 vos
510 3243 656 3307 reclinat
684 3242 857 3307 affectum.
921 3244 975 3308 Sit
1000 3264 1083 3326 ergo
1109 3244 1165 3308 hic

220 3342 317 3420 liber,
332 3350 372 3407 ut
386 3350 452 3420 est,
466 3350 592 3408 vestrae
608 3342 728 3425 gloriae
743 3343 901 3406 absolute
922 3350 1164 3422 consecratus3

218 3443 254 3504 in
270 3443 379 3506 altero
393 3443 458 3506 erit
475 3443 565 3506 idem
579 3443 674 3519 vitae,
699 3443 758 3523 qui
775 3443 969 3525 scripturae,
988 3443 1163 3507 terminus.

219 3541 322 3621 Quod
337 3548 505 3624 superest,
521 3561 645 3605 munus
662 3561 776 3605 meum
791 3542 976 3624 dignanter
988 3542 1165 3624 suscipite,

218 3649 258 3704 ut
280 3642 451 3723 gaudeam
479 3649 580 3723 grato
606 3641 797 3723 cognitoris
825 3641 980 3719 arbitrio,
1005 3641 1064 3724 qui
1094 3661 1164 3705 non

218 3742 331 3805 erravi
347 3741 498 3822 eligendi
515 3735 673 3825 ⁸judici0.

227 3971 679 4058 'jaminitaJnsLanmit·
739 3996 883 4069 ³¹¹³&wa
900 4000 934 4050 Α.
952 4001 981 4050 ἃ
998 4002 1028 4050 c·
1040 4000 1092 4060 stt
1111 4003 1163 4050 cl.

214 4052 276 4106 Μ’
289 4046 324 4095 D·
336 4046 360 4092 Ε
368 4049 392 4094 ²·
704 4071 768 4121 adds
779 4072 787 4100 ‘
797 4072 863 4121 Haec
879 4072 968 4134 habui,
978 4071 1078 4121 domine
1090 4085 1164 4119 vene·

249 4108 411 4180 ²Potrium.]
432 4111 465 4162 A.
485 4114 518 4163 D.
532 4113 586 4160 Er.
604 4112 674 4168 [ὣς

213 4192 356 4248 paternum,
368 4185 395 4234 S·
410 4186 439 4232 C·
703 4142 791 4192 rabilis
804 4142 904 4204 Comes,
916 4142 948 4190 de
960 4141 1058 4201 gestie:
1164 4197 1168 4204 .
