3142 5025
215 538 285 586 nm.
303 522 345 601 1.]
505 534 679 583 nrsrornn
703 534 880 581 novumn.
1101 515 1166 580 711
1198 600 1201 604 ,

216 712 329 772 mum;
352 691 563 775 pacificeque
579 710 695 773 regem
711 692 747 755 in
762 706 905 772 reguum
923 688 1035 756 redire
1051 688 1168 753 dimit·

215 799 304 869 tens,
327 792 402 874 ipse
419 790 607 856 commodis
630 791 704 854 suis
726 789 763 853 in
778 789 996 861 Normannia
1021 806 1165 859 manens

215 890 374 957 intendit.
436 889 495 954 Ite
525 888 701 972 Stephane
730 888 849 961 nutis
889 887 1093 954 tumultibus
1129 886 1165 953 iu

215 987 346 1071 Anglia
358 988 537 1072 impedito,
551 994 586 1059 et
602 1008 693 1053 nune
711 1007 816 1070 super
832 980 924 1064 ¹hos,
944 1006 1037 1053 nune
1059 1006 1165 1068 super

215 1088 303 1151 elios
329 1089 494 1163 irruente,
519 1093 560 1150 ut
583 1088 706 1152 merito
729 1086 780 1150 illi
802 1087 895 1170 quod
921 1086 964 1150 de
990 1085 1164 1157 Ismahele

216 1186 345 1251 dietum
375 1192 429 1251 est
462 1186 617 1268 coaptari
645 1185 906 1269 posset„‘quia
933 1204 1056 1250 manus
1089 1204 1163 1249 om·

215 1281 310 1350 nium
332 1290 454 1359 eontra
471 1284 582 1359 illum,
606 1290 642 1351 et
669 1284 763 1351 illius
786 1289 909 1348 contra
929 1283 1072 1362 omnes,’
1087 1282 1161 1350 Ro·

213 1385 332 1449 bertus
355 1391 429 1457 toto
443 1403 535 1447 anno
550 1384 611 1447 illo
629 1402 788 1449 securum
808 1384 845 1449 in
859 1382 1076 1455 Normaunia
1089 1383 1162 1465 egit

213 1483 333 1549 otium.
401 1482 482 1548 Rex
513 1491 672 1566 prompte
704 1490 828 1549 eontra
861 1483 927 1549 sibi
961 1483 1161 1550 resistentes

213 1584 332 1648 crebro
346 1581 405 1670 (ut
419 1579 610 1666 ferebatur)
623 1581 737 1648 dicere
756 1582 902 1659 solebat,
917 1580 1028 1645 ‘Cum
1047 1602 1102 1645 me
1124 1582 1161 1650 in

213 1702 329 1765 regem
344 1681 524 1764 elegerint,
541 1699 602 1744 cur
615 1700 670 1746 me
692 1680 910 1755 destituunt?
935 1701 998 1763 per
1019 1700 1163 1746 nascen-

212 1782 298 1847 tiam
329 1780 410 1858 Dei,
438 1799 615 1863 nunquam
645 1799 709 1844 rex
731 1779 886 1865 deJectus
918 1780 1161 1863 appellaborl'

214 1880 402 1957 Robertus,
417 1878 519 1961 quasi
542 1878 676 1961 positus
695 1879 733 1943 in
747 1872 920 1963 'specula
945 1898 1060 1943 rerum
1082 1899 1162 1962 pro-

213 1977 354 2042 videbat
368 1977 501 2042 exitum
514 1997 522 2057 ;
546 1983 582 2042 et
596 1996 639 2041 ne
653 1975 697 2041 de
706 1976 919 2061 juramento,
936 1978 1030 2062 quod
1051 1978 1161 2043 sorori

212 2076 353 2154 iecerat,
370 2095 453 2158 erga
464 2077 578 2150 Deum
590 2082 626 2141 et
636 2075 792 2142 homines
805 2075 958 2161 perfidiae
970 2082 1161 2155 notaretur,

212 2175 334 2241 sedulo
348 2175 536 2259 cogitabat.

270 2365 444 2426 Quouono
466 2366 512 2414 nr
534 2365 669 2426 outnus
692 2365 740 2413 nn
762 2364 890 2413 onusm
915 2364 1105 2414 nonnanes

340 2458 456 2514 conns
478 2465 676 2514 uouemuu
702 2464 807 2515 nnors
829 2464 1038 2515 morouvru.

262 2572 349 2658 §le
372 2573 477 2648 Anno
498 2573 747 2638 incarnationis
762 2573 955 2638 Dominieae
977 2572 1160 2640 millesimo
1171 2589 1305 2680 iffi

211 2673 400 2737 centesimo
437 2673 609 2738 tricesimo
639 2679 776 2749 octavo,
803 2672 978 2738 intestinis
1008 2673 1159 2740 dissidiis
1171 2690 1277 2741 Euand-

212 2770 344 2853 Anglia
367 2773 592 2854 quatebatur:
616 2771 717 2836 multi
741 2771 922 2854 siquidem,
944 2791 1033 2855 quos
1059 2774 1160 2838 nobi·

211 2869 293 2934 litas
309 2871 456 2952 generis,
471 2870 528 2936 vel
546 2870 749 2953 magnitudo
764 2871 883 2949 animi,
897 2871 954 2938 vel
975 2871 1092 2954 potius
1106 2873 1159 2938 vi-
1194 2912 1198 2921 ·

212 2962 491 3035 ridiorisiaetatis
516 2969 673 3048 audacia,
696 2969 741 3034 ad
764 2969 888 3035 illicita
906 2971 1158 3054 praecipitabat,

213 3088 236 3132 a
260 3089 354 3150 rege,
381 3069 418 3132 hi
442 3069 584 3153 praedia,
615 3069 652 3133 hi
683 3069 838 3147 castella,
863 3077 1038 3153 postremo
1063 3091 1159 3155 quae·

212 3187 347 3252 cunque
363 3168 470 3232 semel
486 3169 710 3246 collibuisset,
726 3175 844 3251 petere
854 3189 926 3232 non
933 3171 1158 3252 verebantur3

212 3286 290 3349 quae
307 3286 386 3331 cum
404 3267 462 3330 ille
480 3267 562 3332 dare
579 3267 741 3343 differret,
757 3275 926 3332 excusata
942 3269 1159 3342 mutilatione

212 3366 322 3446 regni,
347 3364 404 3428 vel
429 3365 523 3447 quod
547 3365 667 3430 eadem
694 3365 755 3429 alii
780 3364 1073 3430 calumniarentur
1096 3376 1158 3432 ant

213 3464 319 3527 etiam
335 3463 563 3545 possiderent,
577 3463 629 3527 illi
653 3463 817 3530 continuo
831 3465 885 3528 ira
899 3467 1060 3529 commoti
1081 3485 1157 3530 eas-

210 3559 295 3625 tella
318 3569 441 3625 contra
463 3581 542 3626 eum
569 3563 810 3640 obfirmabant,
833 3562 971 3646 praedas
996 3564 1156 3646 ingentes

211 3680 257 3724 ex
272 3661 348 3744 ejus
362 3660 463 3724 terris
478 3662 638 3742 agebant.
691 3660 767 3725 Nec
783 3681 866 3727 vero
882 3662 942 3726 ille
961 3663 1156 3745 aliquorum

211 3759 403 3824 defectione
430 3759 655 3841 frangebatur
693 3760 829 3841 animo;
859 3760 921 3826 sed
955 3762 1057 3826 modo
1088 3763 1156 3840 hic,

210 3858 313 3923 modo
334 3858 406 3922 illic
431 3859 566 3922 subitus
588 3859 720 3937 aderat,
733 3878 937 3943 semperque
957 3880 1022 3927 suo
1045 3862 1157 3943 magis

209 3976 313 4042 quam
329 3957 563 4022 resistentium
573 3957 698 4022 damno
709 3978 780 4023 rem
794 3958 1015 4025 conficiebat:
1039 3961 1158 4024 multis

246 4165 255 4198 ¹
268 4167 344 4231 Hos]
356 4168 406 4228 Ε.;
417 4180 491 4228 unos,
500 4166 530 4216 S.
540 4167 569 4216 C.
576 4165 612 4216 D.
622 4166 674 4216 Le.

211 4234 395 4371 ,gg
404 4237 433 4288 s·
448 4236 674 4299 awa
697 4195 1008 4333 nituntur

960 4393 1040 4438 dni
