3142 5025
228 536 297 584 me.
314 520 388 602 nn]
457 535 572 585 onsrn
596 534 723 586 nncun
746 535 959 588 nncnonuu.
1116 522 1183 589 425

228 693 335 759 fuisse
357 695 486 773 ferunt,
510 691 558 761 ut
576 694 753 763 incentore
776 696 946 761 bellorum
965 692 1097 779 Anglia
1118 714 1180 760 va·

228 802 344 875 earet3
368 815 449 859 nam
465 802 500 861 et
515 796 607 859 ultro
624 795 749 861 solitus
770 802 846 859 erat
862 814 1086 879 quoscunque
1104 791 1179 859 An·

228 893 306 974 glos
334 902 517 978 suspectos
552 894 715 972 babebat,
747 894 848 977 quasi
885 895 1027 959 honoris
1061 912 1180 972 causa,

229 991 482 1081 Normanniam
497 993 635 1071 ducere,
650 1014 694 1057 ne
711 994 897 1076 quicquam
919 1014 957 1057 se
979 993 1122 1058 absente
1143 994 1179 1057 in

228 1110 337 1172 regno
366 1094 561 1157 turbarent.
613 1086 791 1181 Receptu's
822 1112 906 1175 ergo
939 1092 1111 1175 Edgarus‚
1144 1100 1180 1157 et
1230 1103 1234 1109 '

228 1209 357 1272 magno
376 1191 541 1255 donativo
564 1192 713 1256 donatus
735 1198 809 1273 est;
832 1191 1057 1274 pluribusque
1079 1192 1179 1255 annis

227 1290 265 1351 in
290 1290 389 1354 curia
412 1309 568 1368 manens,
583 1291 793 1373 pedetentim
817 1309 881 1373 pro
906 1291 1060 1371 ignavia,
1077 1296 1124 1366 et,
1139 1297 1180 1354 ut

229 1389 348 1452 mitius
375 1389 505 1454 dictum
529 1390 588 1466 sit,
616 1410 679 1473 pro
705 1388 939 1472 simplicitate,
965 1390 1179 1471 contemptui

228 1486 349 1551 baberi
363 1488 483 1571 coepit.
535 1488 716 1566 Quantula
735 1489 827 1552 enim
849 1487 1065 1570 simplicitas,
1080 1494 1120 1551 ut
1135 1488 1178 1551 li·

228 1587 326 1650 bram
349 1589 499 1668 argenti,
521 1606 626 1669 quam
652 1586 807 1670 quotidie
830 1588 866 1651 in
893 1586 1066 1669 stipendio
1087 1587 1178 1650 acci·

227 1686 359 1768 piebat,
375 1688 450 1768 regi
466 1706 531 1770 pro
557 1706 628 1750 uno
649 1706 740 1768 equo
763 1684 997 1769 perdonaret?
1049 1674 1176 1749 Subse-

227 1785 348 1866 quenti
375 1792 530 1868 tempore
554 1804 633 1850 cum
656 1785 812 1850 Roberto
828 1784 899 1848 filio
916 1784 1091 1862 Godwini,
1113 1786 1177 1847 mi-

227 1883 289 1947 lite
312 1883 555 1961 audacissimo,
577 1884 826 1966 lerosolymam
848 1884 1031 1967 pertendit.
1083 1883 1176 1947 Illud

226 1982 294 2046 luit
309 1989 447 2066 tempus
473 2002 543 2066 quo
558 1983 689 2047 'lurchi
705 1982 924 2047 Baldwinum
948 2002 1064 2064 regem
1084 1983 1176 2065 apud
1190 2006 1243 2045 nn.
1255 2009 1311 2047 llos.

229 2081 363 2145 Ramas
377 2083 605 2163 obsederunt3
622 2083 781 2164 qui,cum
798 2076 998 2146 ¹obsidionis
1015 2082 1177 2165 injuriam

227 2179 317 2244 ferre
341 2181 512 2263 nequiret,
528 2201 591 2264 per
611 2181 742 2246 medias
756 2180 908 2245 hostium
924 2174 1025 2245 ‘acies
1044 2180 1178 2261 effugit,

227 2279 338 2343 solius
357 2280 503 2345 Roberti
519 2299 626 2364 opera
639 2281 807 2345 liberatus
822 2281 1021 2362 praeeuntis
1043 2285 1079 2342 et
1096 2298 1177 2344 eva·

227 2379 348 2459 ginato
364 2379 482 2461 gladio
497 2379 622 2443 dextra
636 2381 795 2462 laevaque
812 2378 970 2443 Turcbos
987 2377 1175 2442 caedentis:

227 2477 288 2542 sed
316 2497 407 2557 cum,
438 2498 601 2544 successu
629 2479 706 2563 ipso
732 2477 971 2554 truculentior,
995 2475 1176 2542 alacritate

228 2577 577 2661 nimiaprocurreret,
591 2580 685 2642 ensis
708 2597 814 2641 manu
838 2577 989 2656 excidit3
1012 2577 1057 2639 ad
1074 2595 1176 2659 quem

226 2677 497 2759 recolligendum
524 2697 602 2761 cum
633 2698 672 2741 se
702 2677 915 2755 inclinasset,
940 2675 1090 2740 omnium
1122 2676 1175 2738 in-

228 2794 332 2839 cursu
359 2796 557 2860 oppressus,
583 2776 732 2840 vinculis
762 2776 897 2859 palmas
927 2773 1032 2838 dedit.
1089 2773 1176 2837 Inde

228 2875 444 2958 Babylonem
459 2874 517 2961 (ut
537 2872 653 2960 aiunt)
668 2875 805 2953 ductus,
821 2894 898 2938 cum
914 2873 1090 2938 Christum
1114 2874 1175 2936 ab·

226 2993 354 3056 negare
379 2974 499 3051 nollet,
523 2975 559 3037 in
577 2973 691 3038 medio
706 2973 781 3037 soro
808 2972 853 3037 ad
873 2973 1010 3056 signum
1026 2973 1175 3055 positus,

226 3079 262 3136 et
279 3074 420 3154 sagittis
441 3075 648 3150 terebratus,
661 3073 866 3155 martyrium
889 3072 1053 3137 sacravit.
1105 3070 1176 3134 Ed-

225 3190 332 3252 garns
347 3172 475 3236 amisso
490 3172 599 3236 milite
615 3190 805 3255 regressus,
821 3171 998 3253 multaque
1010 3169 1177 3234 beneficia

226 3271 271 3333 ab
300 3271 566 3354 imperatoribus
596 3270 799 3335 Graecorum
836 3277 872 3335 et
902 3268 1176 3333 Alamannorum

226 3369 386 3453 adeptus,
402 3370 548 3456 (qnippe
565 3369 626 3453 qui
640 3371 746 3434 etiam
764 3389 842 3433 eum
865 3370 1011 3433 retinere
1030 3388 1094 3450 pro
1115 3387 1177 3448 ge·

226 3469 319 3533 neris
341 3469 569 3553 amplitudine
586 3465 811 3553 tentassent)
827 3468 943 3532 omnia
964 3486 1027 3550 pro
1049 3466 1176 3530 natalis

226 3567 294 3631 soli
330 3568 499 3632 desiderio
529 3569 683 3651 sprevit;
710 3568 877 3650 quosdam
908 3567 998 3629 enim
1022 3565 1177 3648 profecto

227 3665 318 3730 fallit
342 3687 439 3731 amor
464 3668 600 3749 patriae,
626 3674 666 3730 ut
689 3665 775 3729 nibil
800 3665 849 3729 eis
871 3664 1031 3728 videatur
1050 3663 1178 3748 jocun-

226 3765 308 3829 dum
338 3767 406 3830 nisi
434 3774 637 3830 consuetum
669 3765 849 3829 hauserint
875 3764 1012 3827 eoelum.
1075 3761 1177 3825 Unde

227 3863 402 3945 Edgarus,
422 3865 521 3928 fatua
538 3865 698 3947 cupidine
722 3864 858 3939 illusae,
872 3860 1038 3944 Angliam
1063 3860 1178 3936 rediit,

226 3955 337 4028 ²unde
353 3961 410 4050 (ut
427 3963 587 4047 superius
609 3961 701 4049 dixi)
723 3963 861 4026 diverso
878 3960 1026 4024 sortunae
1044 3959 1178 4024 ludicro

262 4217 271 4250 ¹
294 4215 458 4288 Obsidione]
486 4219 520 4271 A.
544 4221 573 4271 S.
598 4223 628 4272 C.
652 4221 687 4271 D.
753 4215 874 4281 'Uode.]
900 4219 929 4269 0.
949 4218 997 4278 E.;
1023 4217 1077 4279 ubi,
1095 4215 1128 4269 A.
1149 4218 1179 4268 S.

147 4312 152 4321 ·
226 4291 571 4352 sa.12.;omittedin131.
718 4288 797 4338 ab.
