3142 5025
385 543 452 613 408
602 530 715 608 cusrl
739 560 865 607 nucuu
891 560 1105 609 uucnonuu.
1181 546 1336 626 [mmm.

224 736 362 828 gual-ffi-
438 718 545 803 §ara
570 719 647 783 Ista
665 740 730 805 pro
747 721 898 784 utilitate
916 719 1104 800 legentium
1125 738 1180 785 me
1203 718 1338 781 inseru-

223 836 367 926 ἵκω
387 820 455 883 isse
470 838 539 882 non
552 819 684 901 piguit3
702 831 798 883 'nunc
813 819 855 885 de
867 819 1042 883 Willelmo
1055 819 1190 901 loquar.
1243 818 1337 881 Nam

226 935 317 1026 wi
390 919 473 1001 quia
500 919 663 995 breviter,
689 938 753 982 nec
778 927 818 984 ut
846 925 931 1001 puto
954 917 1134 995 inutiliter,
1166 917 1338 1000 resejuS,

304 1013 310 1024 ⁶
391 1036 478 1101 quas
504 1018 675 1081 duntaxat
704 1039 818 1082 comes
848 1020 883 1082 in
912 1018 1128 1083 Normannia
1153 1018 1254 1080 annis
1276 1018 1339 1079 tri-

392 1118 491 1199 ginta
517 1117 689 1195 actitavit,
718 1118 892 1200 percurri;
925 1118 1026 1181 modo
1051 1117 1145 1181 aliud
1176 1116 1340 1180 narrandi

392 1217 572 1281 exordium
596 1218 680 1280 ordo
710 1226 902 1299 temporum
927 1216 1075 1298 flagitat,
1097 1224 1137 1279 ut
1162 1216 1205 1279 de
1233 1236 1340 1297 regno

381 1304 482 1401 ejus,
497 1324 665 1399 quantum
679 1324 800 1381 nostra
813 1317 1002 1380 sciscitatio
1016 1324 1199 1398 penetrare
1215 1316 1342 1397 potuit,

394 1417 610 1480 mendacium
624 1417 972 1497 arguam,veritatem
988 1416 1222 1498 pronunciem.
1261 1415 1341 1479 Rex

397 1516 589 1581 Edwardus
610 1515 683 1579 fato
705 1516 844 1579 functus
866 1515 998 1579 fuerat:
1023 1513 1154 1596 Anglia
1171 1515 1275 1579 dubio
1290 1515 1343 1577 fa·

397 1636 479 1679 vore
493 1617 650 1692 nutabat,
666 1616 722 1679 cui
747 1634 785 1679 se
807 1616 932 1680 rectori
953 1615 1184 1679 committeret
1199 1616 1344 1692 incerta,

397 1734 442 1777 an
469 1714 640 1792 Haroldo,
663 1734 709 1777 an
728 1715 917 1792 Willelm0,
943 1734 987 1778 an
1014 1715 1175 1795 Edgar03
1207 1734 1287 1777 nam
1309 1721 1347 1777 et
1430 1708 1431 1711 '

396 1814 507 1891 illum,
532 1834 595 1896 pro
622 1834 747 1895 genere
773 1815 970 1897 proximum
1000 1834 1118 1893 regno,
1145 1815 1347 1896 proceribus

397 1934 462 1977 rex
489 1914 801 1992 commendaverat,
824 1915 931 1979 tacito
953 1914 1085 1978 scilicet
1106 1915 1232 1977 mentis
1251 1913 1347 1998 judi-

304 2070 309 2078 .
399 2014 466 2091 cio,
481 2014 542 2077 sed
556 2034 665 2095 prono
684 2015 722 2078 in
745 2014 962 2078 clementiam
981 2014 1108 2079 animo.
1162 2012 1292 2090 Quare,
1307 2022 1348 2077 ut

399 2112 559 2196 praedixi,
577 2111 685 2195 Angli
699 2113 845 2177 diversis
859 2113 949 2177 votis
966 2112 1175 2190 ferebantur,
1189 2113 1348 2195 quamvis

400 2214 514 2295 palam
543 2212 660 2277 cuncti
683 2214 776 2277 bona
799 2212 957 2277 Haroldo
987 2214 1278 2294 imprecarentur:
1314 2221 1350 2277 et

399 2313 459 2377 ille
473 2312 622 2394 quidem,
636 2312 830 2377 diademate
843 2312 1052 2393 fastigiatus
1070 2312 1155 2375 nihil
1171 2314 1214 2375 de
1235 2312 1349 2395 pactis

399 2413 490 2476 inter
510 2432 548 2475 se
574 2420 608 2475 et
630 2412 843 2477 Willelmum
869 2413 1065 2493 cogitabat3
1103 2412 1285 2475 liberatum
1311 2431 1349 2475 se

400 2523 617 2577 sacramento
643 2533 812 2589 asserens,
838 2511 930 2595 quod
955 2511 1028 2576 filia
1056 2513 1132 2596 ejus
1159 2532 1263 2596 quam
1290 2511 1350 2575 de-

401 2613 589 2695 sponderat
617 2613 705 2675 citra
732 2612 866 2675 nubiles
889 2631 997 2675 annos
1025 2613 1170 2677 obierat.
1224 2613 1351 2678 Fertur

402 2712 493 2780 enim
508 2713 561 2775 vir
575 2711 646 2787 ille,
668 2731 737 2775 non
760 2713 880 2794 paucis
892 2713 1078 2776 virtutibus
1095 2711 1273 2796 praeditus,
1290 2732 1354 2795 pa-

403 2831 478 2874 rum
509 2811 676 2875 adversus
702 2811 880 2893 perfidiam
911 2813 977 2876 sibi
1012 2813 1227 2876 consuluisse
1255 2813 1354 2875 dum-

403 2910 506 2974 modo
529 2917 648 2993 posset
676 2912 936 2994 quibuscunque
960 2913 1147 2994 praestigiis
1177 2913 1353 2976 hominum

376 3095 379 3098 ἦ
403 3010 686 3074 ratiocinationes
710 3012 940 3093 suspendere:
965 3019 1145 3093 praeterea,
1163 3012 1223 3094 qui
1249 3019 1353 3094 puta-

404 3118 458 3174 ret
482 3109 593 3172 minas
606 3109 773 3173 Willelmi
795 3131 972 3193 nunquam
992 3112 1035 3173 ad
1059 3087 1187 3175 sactum
1210 3119 1352 3194 eruptu-

404 3227 474 3284 ras,
490 3208 582 3290 quod
599 3208 658 3272 ille
675 3213 963 3275 conterminorum
980 3210 1105 3273 ducum
1122 3211 1222 3274 bellis
1240 3212 1355 3294 impli-

404 3315 554 3385 caretur,
569 3315 679 3372 totum
701 3311 853 3373 animum
868 3309 939 3374 otio
955 3329 1032 3374 cum
1053 3311 1218 3394 subjectis
1239 3311 1357 3375 indul-

303 3473 306 3476 .
404 3416 518 3486 serat3
542 3429 622 3472 nam
640 3409 806 3490 profect0,
822 3410 889 3472 nisi
903 3410 994 3492 quod
1015 3409 1223 3474 Noricorum
1237 3431 1356 3492 regem

406 3508 595 3574 adventare
622 3508 753 3585 didicit,
781 3528 845 3574 nec
883 3509 1026 3572 militem
1064 3529 1256 3577 convocare
1292 3529 1357 3574 nec

406 3608 515 3674 aciem
542 3607 689 3688 dirigere
717 3606 882 3690 dignatus
912 3608 1045 3674 fuisset.
1099 3607 1200 3673 Alter
1221 3610 1358 3674 interca

406 3706 503 3770 illum
532 3728 594 3789 per
622 3707 766 3770 nuncios
798 3707 921 3773 leniter
956 3707 1150 3785 convenire,
1181 3709 1223 3770 de
1253 3718 1358 3792 rupto

405 3807 535 3872 foedere
548 3807 782 3889 expostulare,
797 3793 954 3888 precibus
973 3807 1083 3870 minas
1105 3809 1242 3872 insuere
1257 3831 1265 3888 ;
1289 3811 1359 3873 sci·

405 3913 458 3969 ret
481 3926 518 3968 se
545 3916 625 3969 ante
648 3925 776 3968 aunum
801 3925 976 3969 emensum
998 3906 1089 3972 ferro
1110 3906 1262 3974 debitum
1280 3910 1359 3973 vin-

406 4004 612 4081 dicaturum,
634 4004 716 4067 illuc
742 4006 872 4068 iturum
902 4025 970 4088 quo
1005 4006 1183 4070 Haroldus
1211 4009 1359 4073 tutiores

406 4123 443 4166 se
456 4105 565 4184 pedes
582 4104 708 4167 habere
721 4113 872 4186 putaret.
927 4103 1069 4181 Contra,
1084 4107 1155 4183 ille,
1171 4100 1267 4189 ¹quae
1283 4108 1359 4172 dixi

665 4334 672 4363 ¹
687 4338 749 4392 Quoe
760 4331 839 4404 dixi]
852 4337 899 4385 See
911 4337 924 4399 §
935 4340 993 4400 228,
1004 4351 1030 4397 p.
1045 4340 1101 4386 384.
