3142 5025
210 489 281 538 nra.
300 473 370 555 ιιι]
495 490 670 539 nrsrorun
692 491 872 540 novumn.
1094 474 1159 549 761

209 646 348 710 liberari
364 664 467 728 posse
490 648 662 730 principes
677 668 765 730 quos
789 648 928 712 fortuna
947 667 1012 712 sua
1030 648 1157 713 innex-
1142 660 1316 753 -bmqitulg

208 745 317 810 uisset
333 754 469 810 catena
514 746 671 810 Tandem
686 768 791 829 porro
805 748 1057 813 communicato
1073 768 1179 813 οοιι-
1167 710 1313 853 ἓξὲῦὲὲι

208 846 299 923 silio,
315 845 513 928 quicunque
534 848 744 928 imperatrici
768 847 946 925 favebant,
963 848 1092 912 crebris
1107 821 1202 913 lte-du
1197 867 1226 903 ιι

206 946 405 1027 gationibus
422 946 582 1009 comitem
598 946 820 1024 conveniunt,
833 954 874 1011 ut
889 948 971 1029 quia
986 967 1055 1012 non
1075 967 1154 1030 pos·

207 1053 260 1108 set
286 1044 378 1126 quod
394 1044 512 1121 vellet,
533 1046 721 1109 secundum
748 1046 870 1110 comici
893 1046 1035 1124 dictum,
1049 1048 1155 1115 vellet

206 1143 299 1225 quod
313 1150 451 1225 posset:
474 1150 653 1224 pateretur
669 1163 753 1225 ergo
776 1163 894 1226 regem
910 1152 997 1209 etse
1013 1145 1154 1213 liberari

205 1243 334 1306 mutuis
364 1241 639 1322 conditionibus3
670 1242 847 1323 ‘alioquin
870 1244 1056 1321 timemus,'
1081 1246 1153 1309 aie·

204 1342 302 1419 bant,
326 1347 393 1404 ‘ne
418 1342 561 1405 comites
585 1341 670 1406 facti
697 1342 753 1405 sui
781 1342 924 1406 maximi
948 1350 984 1406 et
1007 1344 1153 1425 praecla·

203 1441 344 1517 rissimi,
357 1460 426 1522 quo
448 1447 484 1504 te
503 1448 681 1523 ceperunt,
695 1441 803 1505 erecti
824 1442 1047 1521 conscientia,
1062 1458 1151 1509 unos

204 1547 240 1604 et
266 1559 355 1604 unos
377 1560 422 1603 ex
444 1540 544 1604 nobis
566 1538 746 1616 invadant,
768 1540 914 1605 castella
936 1549 1151 1624 expugnent,

203 1639 315 1722 ipsam
330 1659 483 1703 sororem
499 1647 596 1703 tuam
612 1633 827 1705 ¹obsidiant.'

255 1738 273 1821 §
302 1738 357 1804 62.
379 1738 471 1803 Tum
498 1738 636 1802 demum
652 1738 838 1803 'Robertus
855 1738 1009 1804 mollitus
1032 1740 1150 1822 legato

204 1843 240 1899 et
264 1836 523 1919 archiepiscopo
550 1838 719 1917 assensit3
757 1838 809 1901 ita
830 1844 959 1917 tamen,
984 1859 1027 1903 ne
1053 1841 1150 1921 quic·

203 1954 308 2017 quam
332 1937 552 2001 castellorum
566 1936 623 2000 vel
644 1945 815 2001 terrarum
837 1936 1038 2001 redderetur
1057 1939 1150 2020 quod

203 2042 284 2117 post
300 2036 392 2117 regis
407 2035 603 2118 captionem
619 2036 655 2098 in
663 2035 724 2119 jus
746 2036 976 2118 imperatricis
993 2037 1050 2103 vel
1064 2057 1150 2119 quo.

202 2153 348 2216 rumque
378 2134 531 2199 fidelium
564 2135 640 2218 ejus
668 2134 867 2200 transierat.
935 2134 1030 2199 Illud
1066 2155 1150 2203 sane

203 2234 299 2297 nullo
322 2234 437 2316 potuit
460 2234 616 2315 obtinere
637 2233 740 2298 modo
761 2239 934 2315 quatenus
956 2233 1011 2297 sui
1032 2253 1148 2300 secum

202 2332 451 2412 liberarentur;
475 2332 614 2396 offensis
630 2332 792 2396 videlicet
807 2332 898 2410 aliis,
915 2332 1008 2414 quod
1031 2340 1164 2399 tantas·

199 2451 319 2498 eorum
344 2431 589 2515 promissiones
611 2432 654 2495 de
683 2431 881 2515 principatu
905 2432 1015 2514 totius
1037 2433 1148 2517 regni,

199 2532 352 2615 quodam
368 2533 469 2614 quasi
481 2532 575 2596 fastu
591 2530 783 2609 fastidiens,
800 2531 1054 2614 repudiaverat.
1099 2534 1147 2599 Et

200 2633 283 2714 quia
297 2633 448 2696 maxime
458 2632 704 2695 annitebantur
712 2638 763 2708 ut,
774 2638 918 2715 propter
927 2631 1060 2713 regiam
1069 2632 1145 2715 dig-

201 2732 357 2808 nitatem,
381 2731 497 2813 primo
509 2750 572 2794 rex
588 2732 805 2808 liberaretur,
819 2724 999 2812 ²deinccps
1013 2750 1144 2814 comes3

200 2850 279 2894 cum
290 2831 325 2895 id
342 2831 402 2895 ille
418 2831 593 2894 dubitaret
608 2830 807 2907 concedere,
818 2830 1146 2914 firmaveruutjure·

193 2929 345 3015 jurando
367 2930 504 3012 legatus
526 2937 563 2994 et
583 2930 875 3012 archiepiscopus,
899 2930 1004 3012 quod,
1027 2931 1058 2994 si
1080 2949 1144 2995 rex

198 3037 278 3113 post
291 3030 530 3121 liberationem
544 3049 643 3092 snam
659 3029 869 3098 detrectaret
885 3030 1046 3093 comitem
1059 3029 1145 3093 libe·

196 3149 287 3207 rare,
308 3131 376 3212 ipsi
400 3148 439 3193 se
462 3129 499 3193 in
524 3129 718 3211 captionem
743 3129 880 3193 comitis
904 3127 1146 3193 incunctanter

195 3229 390 3312 injicerent,
405 3247 611 3310 quocunque
622 3229 690 3310 ipsr
680 3228 863 3292 libuisset
879 3210 1081 3292 abducendi

250 3327 334 3409 §63
358 3326 435 3390 Nec
451 3325 565 3390 adhuc
581 3327 724 3438 quievit,
739 3325 800 3388 sed
802 3332 953 3407 ,praeter
973 3325 1059 3402 haec,
1074 3346 1143 3408 quo

199 3424 266 3489 sibi
295 3424 493 3506 provideret
527 3443 640 3505 sagax
666 3424 801 3488 animus
837 3423 992 3488 invenit:
1024 3432 1144 3506 posset

198 3542 321 3605 nempe
334 3522 409 3586 fieri
423 3528 464 3585 ut
478 3542 554 3598 rex,
568 3523 749 3599 malorum,
766 3521 859 3604 quod
874 3540 967 3604 saepe
983 3521 1035 3600 fit,
1051 3542 1143 3604 prae·

197 3629 324 3686 ventus
341 3621 497 3697 consilio,
515 3621 709 3702 captionem
719 3620 838 3683 fratris
854 3619 909 3682 sui
926 3626 962 3683 et
975 3621 1145 3704 archiepi-

198 3721 295 3804 scopi
312 3721 413 3803 parvi
428 3720 569 3782 duceret
583 3718 767 3785 dummodo
782 3719 856 3800 ipse
869 3718 956 3782 liber
972 3719 1008 3780 in
1025 3720 1144 3802 pluma

191 3821 338 3905 jaceret.
389 3818 520 3900 Exegit
536 3837 619 3900 ergo
636 3819 681 3882 ab
698 3824 846 3899 utroque
869 3816 1049 3899 sigillatim
1065 3820 1143 3883 bre-

197 3922 256 3988 via
272 3927 307 3985 et
321 3918 438 4001 sigilla
453 3936 517 3981 sua
534 3916 578 3980 ad
594 3917 823 3999 apostolicum
833 3917 870 3980 in
880 3915 973 3980 hunc
987 3936 1143 4000 sensum;

197 4255 218 4306 S
230 4180 238 4211 ι
238 4183 403 4304 ssbffiqmq
429 4183 480 4246 E.;
503 4183 659 4245 oppugnent,
684 4176 882 4305 1⁴gDer'ucepr]
896 4179 946 4242 E.;
957 4180 1059 4244 deinde,
1071 4179 1100 4232 S.
1109 4181 1145 4235 D.
