3142 5025
211 507 283 555 urs.
300 488 343 573 1.]
499 504 675 555 1111101111
699 504 878 555 suumne.
1098 492 1165 561 703

210 664 320 729 latum
336 670 402 729 est.
435 714 440 721 .
454 662 537 727 Iliio·
548 662 585 732 in
603 662 758 747 quodam.
770 671 910 729 recessu
921 662 1080 729 ecciesiae
1090 684 1165 730 rna-

208 763 298 849 joris
319 762 553 829 exinteratum
562 783 570 819 ε
575 762 641 843 est,
655 779 700 827 ne
713 763 944 828 diuturnitate
963 773 1164 848 corruptum

214 882 316 927 nares
350 860 577 928 assidentium
604 863 662 931 vei
692 864 883 929 astantium
912 866 1163 929 exacerbarem

212 963 368 1046 reliquiae
383 962 637 1027 interaneorum
659 961 696 1026 in
718 962 878 1029 coenobio
892 971 1025 1029 sanotae
1041 963 1165 1029 Mariae

215 1062 258 1127 de
283 1060 401 1127 Pratis
422 1061 676 1145 juxta'urbern
701 1062 874 1144 humatae13
902 1063 999 1145 qnod·
1016 1065 1103 1146 ipse,
1120 1070 1166 1127 ut

214 1162 331 1241 audio,
357 1181 380 1226 a
399 1168 511 1226 matre
526 1179 591 1225 sua
611 1159 825 1239 inchoatum,
837 1181 907 1225 non
930 1164 1054 1245 paucis
1071 1182 1166 1227 eom*

209 1261 349 1344 pendiis
365 1261 608 1327 honoraverat.
660 1260 800 1344 Corpus
815 1260 961 1326 cadomi
974 1270 1167 1340 servamur,

215 1380 394 1445 quousque
416 1378 556 1426 serenas
574 1376 680 1433 auras
704 1361 816 1445 paulo
830 1360 1038 1427 elementior,
1045 1362 1167 1447 hyems

214 1460 404 1540 inveheret,
419 1478 498 1543 quae
512 1468 587 1525 tum
600 1460 955 1543 asperainhorrebat.

279 1648 327 1696 nn
349 1648 537 1697 strennuo
559 1648 655 1697 auen
677 1648 718 1696 111
741 1605 896 1698 nnenun
920 1635 1101 1703 renuero.

267 1756 286 1841 §
308 1756 366 1821 11.
394 1754 536 1820 Interea
557 1754 755 1839 Stephanus
787 1776 905 1821 comes
926 1756 1108 1823 Meritonii
1130 1766 1166 1824 et
1176 1777 1270 1827 serien
1283 1779 1327 1819 en

217 1855 399 1933 Bononiae,
425 1873 534 1936 nepos
557 1848 650 1937 regis
676 1852 822 1920 Henrici
847 1854 905 1942 (ut
930 1876 1038 1940 supra
1062 1828 1320 1945 diritiii‘i‘ff's

218 1955 280 2037 qui
307 1960 388 2037 post
410 1972 528 2035 regem
554 1953 682 2019 Scotiee
701 1955 841 2037 primus
864 1956 1032 2021 laieorum
1064 1957 1168 2022 fidem
1177 1929 1282 1979 mm

219 2072 318 2117 suam
343 2052 553 2135 imperatrici
581 2052 829 2132 obstrinxerat,
856 2054 893 2118 in
917 2052 1084 2136 Angliam
1105 2076 1168 2139 per

214 2151 586 2218 -Witsandmatnravit
601 2152 801 2217 adventum.
839 2152 1049 2236 Imperatrix
1063 2156 1169 2221 certis

215 2272 265 2316 ex
292 2252 419 2329 causis,
442 2251 545 2315 simul
567 2257 603 2315 et
619 2250 727 2315 irater
750 2250 1026 2337 ejus'Rohertns
1050 2272 1169 2319 comes

219 2350 444 2429 Gloeeestrae,
457 2370 538 2415 oum
551 2350 711 2415 omnibus
724 2352 1041 2433 peneprooeribns,
1055 2350 1168 2419 redire

217 2451 255 2516 in
269 2471 413 2535 regnum
429 2450 649 2516 distulerunt.
685 2448 857 2530 Quaedam
873 2445 1006 2516 ¹tamen
1022 2453 1168 2519 castella

218 2554 255 2617 in
288 2551 324 2616 N
326 2551 517 2629 ermannia,
543 2551 733 2634 intorques
752 2551 965 2635 praecipuum
984 2552 1166 2619 -nanfron

219 2659 307 2730 tum,
336 2652 495 2734 partibus
517 2649 664 2714 haeredis
690 2669 727 2714 se
758 2652 968 2734 applicuere.
1018 2651 1168 2720 Constat
1276 2650 1278 2655 ’

217 2771 306 2816 sane
327 2751 389 2815 illo
415 2749 564 2833 dieque
593 2749 792 2833 Stephanus
821 2752 989 2834 appulsus
1011 2760 1066 2817 est
1090 2752 1167 2818 An·

217 2852 335 2934 giiam,
359 2868 494 2914 summo
511 2867 630 2928 mane,
650 2857 773 2915 eontra
793 2859 952 2916 naturam
974 2851 1108 2936 hyemis
1128 2853 1166 2918 in

217 2950 420 3034 regionibus
442 2950 587 3032 hostria·
609 2950 834 3034 terricrepum
866 2968 989 3016 sonum
1020 2953 1167 3018 tonitrui

218 3071 297 3116 oum
323 3050 495 3116 horrendo
522 3049 812 3132 fulgure-fuisse,
842 3057 882 3115 ut
910 3052 1017 3134 paulo
1051 3053 1165 3118 minus

217 3151 366 3216 mundus
392 3150 482 3216 solvi
501 3149 750 3215 estimaretur.
803 3149 882 3229 Ille,
903 3153 964 3216 ubi
986 3170 1009 3216 a
1024 3149 1325 3218 bondo-ananam

218 3250 394 3316 niensibus
420 3256 456 3314 et
469 3248 770 3314 wintoniensibus
795 3249 832 3312 in
853 3269 971 3332 regem
996 3259 1165 3336 exceptus
1176 3220 1236 3270 ω’

218 3357 284 3427 est,
299 3350 404 3413 etiam
419 3347 597 3430 Rogerum
613 3346 896 3413 Salesbiriensem
909 3350 1110 3433 episcopum
1128 3359 1166 3416 et

217 3447 431 3514 Willelmum
456 3447 498 3511 de
523 3446 636 3510 Ponte
654 3445 781 3524 Areae,
807 3448 969 3514 custodes
983 3447 1165 3515 thesauro-

218 3567 295 3612 rum
310 3545 490 3628 regaiium,
507 3544 552 3609 ad
577 3564 615 3608 se
637 3546 849 3611 transduxit.
900 3547 957 3612 Ne
973 3554 1089 3612 tamen
1104 3569 1166 3613 ve·

218 3647 304 3711 ritas
331 3646 461 3711 celetur
488 3644 648 3727 posteris,
668 3664 788 3709 omnes
810 3645 886 3728 ejus
908 3654 1053 3712 conatus
1076 3649 1166 3713 irriti

218 3747 376 3824 inissent,
399 3744 466 3808 nisi
485 3743 660 3808 Henricus
682 3744 791 3808 frater
812 3744 901 3827 ejus,
913 3745 1166 3811 wintoniensis

217 3847 412 3930 episcopus,
434 3844 495 3926 qui
527 3837 648 3908 ²modo
681 3845 882 3928 apostolicae
909 3845 1001 3910 sedis
1027 3846 1166 3929 legatus

217 3955 272 4012 est
294 3947 332 4010 in
349 3943 492 4028 Anglia,
517 3942 692 4027 placidum
715 3945 748 4010 ei
774 3945 1026 4012 commodasset
1046 3965 1165 4018 assen-

253 4221 262 4254 ¹
277 4221 386 4285 Pomm]
405 4221 435 4272 S.
449 4221 479 4270 G.
491 4219 527 4270 D.
540 4218 597 4268 Ea.
609 4219 679 4281 L2.;
738 4175 904 4283 'Madd-S.
923 4221 956 4271 Ε.
973 4219 1046 4284 Μ.;
1062 4219 1167 4270 omitted

216 4293 425 4345 omittedinEl.
703 4289 730 4338 in
743 4291 774 4340 C.
785 4289 821 4341 D.
