<?xml version="1.0" encoding="UTF-8"?>
<!DOCTYPE html PUBLIC "-//W3C//DTD XHTML 1.0 Transitional//EN"
    "http://www.w3.org/TR/xhtml1/DTD/xhtml1-transitional.dtd">
<html xmlns="http://www.w3.org/1999/xhtml" xml:lang="en" lang="en">
 <head>
  <title>
</title>
<meta http-equiv="Content-Type" content="text/html;charset=utf-8" />
  <meta name='ocr-system' content='tesseract 3.04.00' />
  <meta name='ocr-capabilities' content='ocr_page ocr_carea ocr_par ocr_line ocrx_word'/>
</head>
<body>
  <div class='ocr_page' id='page_1' title='image "./willelmimalmesb01willgoog_0370.png"; bbox 0 0 3142 5025; ppageno 0'>
   <div class='ocr_carea' id='block_1_1' title="bbox 209 428 1161 545">
    <p class='ocr_par' dir='ltr' id='par_1_1' title="bbox 209 428 1161 545">
     <span class='ocr_line' id='line_1_1' title="bbox 209 428 1161 545; baseline -0.004 -19"><span class='ocrx_word' id='word_1_1' title='bbox 209 480 277 527; x_wconf 81' lang='lat' dir='ltr'><strong>um.</strong></span> <span class='ocrx_word' id='word_1_2' title='bbox 297 464 353 545; x_wconf 67' lang='grc' dir='ltr'><strong>ιι]</strong></span> <span class='ocrx_word' id='word_1_3' title='bbox 480 428 674 527; x_wconf 66' lang='grc' dir='ltr'><strong>ἨιετοκιΑ</strong></span> <span class='ocrx_word' id='word_1_4' title='bbox 689 473 875 533; x_wconf 57' lang='lat' dir='ltr'><strong>vnovumn</strong></span> <span class='ocrx_word' id='word_1_5' title='bbox 1064 437 1068 444; x_wconf 40' lang='lat'>⁵</span> <span class='ocrx_word' id='word_1_6' title='bbox 1095 452 1161 523; x_wconf 76' lang='lat'><strong>⁷27</strong></span> 
     </span>
    </p>
   </div>
   <div class='ocr_carea' id='block_1_2' title="bbox 209 629 1161 901">
    <p class='ocr_par' dir='ltr' id='par_1_2' title="bbox 209 629 1161 901">
     <span class='ocr_line' id='line_1_2' title="bbox 209 629 1161 721; baseline -0.006 -19"><span class='ocrx_word' id='word_1_7' title='bbox 209 636 295 702; x_wconf 88' lang='lat' dir='ltr'><strong>nihil</strong></span> <span class='ocrx_word' id='word_1_8' title='bbox 318 636 456 701; x_wconf 91' lang='lat' dir='ltr'><strong>omnino</strong></span> <span class='ocrx_word' id='word_1_9' title='bbox 479 635 532 721; x_wconf 91' lang='lat' dir='ltr'><strong>(in</strong></span> <span class='ocrx_word' id='word_1_10' title='bbox 555 641 723 718; x_wconf 88' lang='lat' dir='ltr'><strong>quantum</strong></span> <span class='ocrx_word' id='word_1_11' title='bbox 740 630 898 717; x_wconf 87' lang='lat' dir='ltr'><strong>valebat)</strong></span> <span class='ocrx_word' id='word_1_12' title='bbox 921 629 1089 714; x_wconf 90' lang='lat' dir='ltr'><strong>reliquum</strong></span> <span class='ocrx_word' id='word_1_13' title='bbox 1108 633 1161 697; x_wconf 84' lang='lat' dir='ltr'><strong>sa-</strong></span> 
     </span>
     <span class='ocr_line' id='line_1_3' title="bbox 209 730 1159 820; baseline -0.003 -20"><span class='ocrx_word' id='word_1_14' title='bbox 209 736 303 801; x_wconf 90' lang='lat' dir='ltr'><strong>ciens</strong></span> <span class='ocrx_word' id='word_1_15' title='bbox 326 737 417 820; x_wconf 91' lang='lat' dir='ltr'><strong>quod</strong></span> <span class='ocrx_word' id='word_1_16' title='bbox 443 742 561 819; x_wconf 88' lang='lat' dir='ltr'><strong>posset</strong></span> <span class='ocrx_word' id='word_1_17' title='bbox 583 736 732 799; x_wconf 87' lang='lat' dir='ltr'><strong>inimicis</strong></span> <span class='ocrx_word' id='word_1_18' title='bbox 763 734 836 800; x_wconf 88' lang='lat' dir='ltr'><strong>suis</strong></span> <span class='ocrx_word' id='word_1_19' title='bbox 869 732 944 798; x_wconf 88' lang='lat' dir='ltr'><strong>esui</strong></span> <span class='ocrx_word' id='word_1_20' title='bbox 967 730 1024 797; x_wconf 86' lang='lat' dir='ltr'><strong>&#39;vel</strong></span> <span class='ocrx_word' id='word_1_21' title='bbox 1056 733 1159 797; x_wconf 89' lang='lat' dir='ltr'><strong>alicui</strong></span> 
     </span>
     <span class='ocr_line' id='line_1_4' title="bbox 212 855 389 901; baseline -0.006 -2"><span class='ocrx_word' id='word_1_22' title='bbox 212 855 290 901; x_wconf 85' lang='lat' dir='ltr'><strong>usur</strong></span> <span class='ocrx_word' id='word_1_23' title='bbox 304 856 389 901; x_wconf 91' lang='lat' dir='ltr'><strong>esse.</strong></span> 
     </span>
    </p>
   </div>
   <div class='ocr_carea' id='block_1_3' title="bbox 240 1020 1156 1173">
    <p class='ocr_par' dir='ltr' id='par_1_3' title="bbox 240 1020 1156 1173">
     <span class='ocr_line' id='line_1_5' title="bbox 240 1020 1156 1074; baseline -0.009 0"><span class='ocrx_word' id='word_1_24' title='bbox 240 1029 242 1035; x_wconf 90' lang='lat'>&#39;</span> <span class='ocrx_word' id='word_1_25' title='bbox 277 1022 325 1073; x_wconf 84' lang='lat' dir='ltr'><strong>DE</strong></span> <span class='ocrx_word' id='word_1_26' title='bbox 348 1024 458 1074; x_wconf 86' lang='lat' dir='ltr'>OBITU</span> <span class='ocrx_word' id='word_1_27' title='bbox 486 1024 532 1073; x_wconf 82' lang='grc' dir='ltr'><strong>ΕΤ</strong></span> <span class='ocrx_word' id='word_1_28' title='bbox 559 1022 719 1073; x_wconf 80' lang='lat' dir='ltr'><strong>Mouluus</strong></span> <span class='ocrx_word' id='word_1_29' title='bbox 746 1023 900 1073; x_wconf 78' lang='lat' dir='ltr'><strong>uoouuu</strong></span> <span class='ocrx_word' id='word_1_30' title='bbox 928 1020 1090 1072; x_wconf 73' lang='lat' dir='ltr'><strong>arlscorl</strong></span> <span class='ocrx_word' id='word_1_31' title='bbox 1154 1059 1156 1066; x_wconf 94' lang='lat'><em>.</em></span> 
     </span>
     <span class='ocr_line' id='line_1_6' title="bbox 570 1122 803 1173; baseline -0.009 0"><span class='ocrx_word' id='word_1_32' title='bbox 570 1122 803 1173; x_wconf 74' lang='lat' dir='ltr'><strong>sttussslatm</strong></span> 
     </span>
    </p>
   </div>
   <div class='ocr_carea' id='block_1_4' title="bbox 103 1226 1323 3899">
    <p class='ocr_par' dir='ltr' id='par_1_4' title="bbox 263 1226 1276 1315">
     <span class='ocr_line' id='line_1_7' title="bbox 263 1226 1276 1315; baseline -0.011 -19"><span class='ocrx_word' id='word_1_33' title='bbox 263 1230 348 1315; x_wconf 68' lang='lat'><strong>§32</strong></span> <span class='ocrx_word' id='word_1_34' title='bbox 372 1230 492 1294; x_wconf 82' lang='lat' dir='ltr'><strong>Tertio</strong></span> <span class='ocrx_word' id='word_1_35' title='bbox 516 1229 593 1293; x_wconf 88' lang='lat' dir='ltr'><strong>idus</strong></span> <span class='ocrx_word' id='word_1_36' title='bbox 608 1226 809 1293; x_wconf 83' lang='lat' dir='ltr'><strong>Decembris</strong></span> <span class='ocrx_word' id='word_1_37' title='bbox 828 1227 1003 1309; x_wconf 83' lang='lat' dir='ltr'><strong>Rogerius</strong></span> <span class='ocrx_word' id='word_1_38' title='bbox 1026 1227 1206 1310; x_wconf 88' lang='lat' dir='ltr'><strong>episco·</strong></span> <span class='ocrx_word' id='word_1_39' title='bbox 1145 1246 1206 1285; x_wconf 84' lang='lat' dir='ltr'><strong>-o</strong></span> <span class='ocrx_word' id='word_1_40' title='bbox 1206 1246 1243 1286; x_wconf 80' lang='lat' dir='ltr'><strong>a</strong></span> <span class='ocrx_word' id='word_1_41' title='bbox 1251 1246 1276 1286; x_wconf 84' lang='lat' dir='ltr'><strong>r</strong></span> 
     </span>
    </p>

    <p class='ocr_par' dir='ltr' id='par_1_5' title="bbox 212 1297 1323 1709">
     <span class='ocr_line' id='line_1_8' title="bbox 213 1297 1323 1412; baseline -0.006 -18"><span class='ocrx_word' id='word_1_42' title='bbox 213 1350 278 1412; x_wconf 91' lang='lat' dir='ltr'><strong>pus</strong></span> <span class='ocrx_word' id='word_1_43' title='bbox 305 1329 501 1394; x_wconf 88' lang='lat' dir='ltr'><strong>Salesbiriae</strong></span> <span class='ocrx_word' id='word_1_44' title='bbox 526 1329 654 1393; x_wconf 80' lang='lat' dir='ltr'>febrem</span> <span class='ocrx_word' id='word_1_45' title='bbox 685 1336 905 1411; x_wconf 82' lang='lat' dir='ltr'><strong>quartanam,</strong></span> <span class='ocrx_word' id='word_1_46' title='bbox 928 1346 997 1409; x_wconf 91' lang='lat' dir='ltr'><strong>qua</strong></span> <span class='ocrx_word' id='word_1_47' title='bbox 1020 1326 1160 1410; x_wconf 89' lang='lat' dir='ltr'><strong>jamdu</strong></span> <span class='ocrx_word' id='word_1_48' title='bbox 1173 1297 1323 1396; x_wconf 60' lang='lat' dir='ltr'><strong>esttibi</strong></span> 
     </span>
     <span class='ocr_line' id='line_1_9' title="bbox 214 1398 1267 1513; baseline -0.004 -20"><span class='ocrx_word' id='word_1_49' title='bbox 214 1428 295 1493; x_wconf 91' lang='lat' dir='ltr'><strong>dum</strong></span> <span class='ocrx_word' id='word_1_50' title='bbox 308 1430 550 1513; x_wconf 82' lang='lat' dir='ltr'><strong>quassabatur,</strong></span> <span class='ocrx_word' id='word_1_51' title='bbox 561 1422 743 1492; x_wconf 89' lang='lat' dir='ltr'><strong>¹beneficio</strong></span> <span class='ocrx_word' id='word_1_52' title='bbox 754 1428 875 1491; x_wconf 88' lang='lat' dir='ltr'><strong>mortis</strong></span> <span class='ocrx_word' id='word_1_53' title='bbox 889 1427 1024 1490; x_wconf 84' lang='lat' dir='ltr'><strong>evasit.</strong></span> <span class='ocrx_word' id='word_1_54' title='bbox 1043 1426 1161 1490; x_wconf 87' lang='lat' dir='ltr'><strong>dolore</strong></span> <span class='ocrx_word' id='word_1_55' title='bbox 1174 1398 1225 1437; x_wconf 73' lang='lat'><strong>⁰⁹⁰</strong></span> <span class='ocrx_word' id='word_1_56' title='bbox 1235 1399 1267 1436; x_wconf 82' lang='lat'><strong>¹¹</strong></span> 
     </span>
     <span class='ocr_line' id='line_1_10' title="bbox 213 1526 1161 1609; baseline -0.002 -17"><span class='ocrx_word' id='word_1_57' title='bbox 213 1529 320 1592; x_wconf 88' lang='lat' dir='ltr'><strong>animi</strong></span> <span class='ocrx_word' id='word_1_58' title='bbox 336 1529 433 1593; x_wconf 87' lang='lat' dir='ltr'><strong>aiunt</strong></span> <span class='ocrx_word' id='word_1_59' title='bbox 448 1547 527 1592; x_wconf 92' lang='lat' dir='ltr'><strong>eum</strong></span> <span class='ocrx_word' id='word_1_60' title='bbox 549 1528 763 1592; x_wconf 82' lang='lat' dir='ltr'><strong>contraxisse</strong></span> <span class='ocrx_word' id='word_1_61' title='bbox 778 1526 1022 1604; x_wconf 87' lang='lat' dir='ltr'><strong>valetudinem,</strong></span> <span class='ocrx_word' id='word_1_62' title='bbox 1039 1533 1161 1609; x_wconf 88' lang='lat' dir='ltr'><strong>utpote</strong></span> 
     </span>
     <span class='ocr_line' id='line_1_11' title="bbox 212 1626 1161 1709; baseline -0.002 -18"><span class='ocrx_word' id='word_1_63' title='bbox 212 1629 319 1692; x_wconf 89' lang='lat' dir='ltr'><strong>tantis</strong></span> <span class='ocrx_word' id='word_1_64' title='bbox 342 1636 377 1693; x_wconf 88' lang='lat' dir='ltr'><strong>et</strong></span> <span class='ocrx_word' id='word_1_65' title='bbox 398 1634 470 1692; x_wconf 87' lang='lat' dir='ltr'><strong>tam</strong></span> <span class='ocrx_word' id='word_1_66' title='bbox 496 1626 625 1692; x_wconf 83' lang='lat' dir='ltr'><strong>crebris</strong></span> <span class='ocrx_word' id='word_1_67' title='bbox 644 1647 666 1691; x_wconf 91' lang='lat' dir='ltr'><strong>a</strong></span> <span class='ocrx_word' id='word_1_68' title='bbox 687 1646 769 1709; x_wconf 85' lang='lat' dir='ltr'><strong>rege</strong></span> <span class='ocrx_word' id='word_1_69' title='bbox 791 1626 968 1709; x_wconf 86' lang='lat' dir='ltr'><strong>Stephano</strong></span> <span class='ocrx_word' id='word_1_70' title='bbox 984 1626 1161 1708; x_wconf 86' lang='lat' dir='ltr'><strong>pulsatum</strong></span> 
     </span>
    </p>

    <p class='ocr_par' dir='ltr' id='par_1_6' title="bbox 103 1726 1171 3899">
     <span class='ocr_line' id='line_1_12' title="bbox 103 1726 1162 1808; baseline -0.002 -17"><span class='ocrx_word' id='word_1_71' title='bbox 103 1751 106 1756; x_wconf 94' lang='lat'>·</span> <span class='ocrx_word' id='word_1_72' title='bbox 211 1728 448 1792; x_wconf 90' lang='lat' dir='ltr'><strong>incommodis.</strong></span> <span class='ocrx_word' id='word_1_73' title='bbox 500 1727 590 1791; x_wconf 91' lang='lat' dir='ltr'><strong>Eum</strong></span> <span class='ocrx_word' id='word_1_74' title='bbox 606 1726 691 1790; x_wconf 91' lang='lat' dir='ltr'><strong>mihi</strong></span> <span class='ocrx_word' id='word_1_75' title='bbox 706 1726 845 1791; x_wconf 85' lang='lat' dir='ltr'><strong>videtur</strong></span> <span class='ocrx_word' id='word_1_76' title='bbox 855 1727 952 1790; x_wconf 88' lang='lat' dir='ltr'><strong>Deus</strong></span> <span class='ocrx_word' id='word_1_77' title='bbox 965 1726 1162 1808; x_wconf 85' lang='lat' dir='ltr'><strong>exemplum</strong></span> 
     </span>
     <span class='ocr_line' id='line_1_13' title="bbox 214 1825 1162 1909; baseline -0.002 -18"><span class='ocrx_word' id='word_1_78' title='bbox 214 1825 379 1892; x_wconf 87' lang='lat' dir='ltr'><strong>divitibus</strong></span> <span class='ocrx_word' id='word_1_79' title='bbox 403 1846 466 1909; x_wconf 91' lang='lat' dir='ltr'><strong>pro</strong></span> <span class='ocrx_word' id='word_1_80' title='bbox 493 1825 712 1891; x_wconf 77' lang='lat' dir='ltr'><strong>volubilitate</strong></span> <span class='ocrx_word' id='word_1_81' title='bbox 738 1844 853 1889; x_wconf 89' lang='lat' dir='ltr'><strong>rerum</strong></span> <span class='ocrx_word' id='word_1_82' title='bbox 886 1826 1095 1903; x_wconf 80' lang='lat' dir='ltr'><strong>exhibuisse,</strong></span> <span class='ocrx_word' id='word_1_83' title='bbox 1119 1846 1162 1889; x_wconf 90' lang='lat' dir='ltr'><strong>ne</strong></span> 
     </span>
     <span class='ocr_line' id='line_1_14' title="bbox 215 1919 1162 2009; baseline 0 -20"><span class='ocrx_word' id='word_1_84' title='bbox 215 1933 355 2008; x_wconf 85' lang='lat' dir='ltr'><strong>sperent</strong></span> <span class='ocrx_word' id='word_1_85' title='bbox 379 1926 416 1988; x_wconf 90' lang='lat' dir='ltr'><strong>in</strong></span> <span class='ocrx_word' id='word_1_86' title='bbox 434 1926 566 1989; x_wconf 88' lang='lat' dir='ltr'><strong>incerto</strong></span> <span class='ocrx_word' id='word_1_87' title='bbox 591 1925 812 2004; x_wconf 83' lang='lat' dir='ltr'><strong>divitiarum3</strong></span> <span class='ocrx_word' id='word_1_88' title='bbox 835 1944 923 2007; x_wconf 89' lang='lat' dir='ltr'><strong>quas</strong></span> <span class='ocrx_word' id='word_1_89' title='bbox 945 1925 1085 2007; x_wconf 87' lang='lat' dir='ltr'><strong>quidam</strong></span> <span class='ocrx_word' id='word_1_90' title='bbox 1106 1919 1162 2009; x_wconf 89' lang='lat' dir='ltr'><strong>(ut</strong></span> 
     </span>
     <span class='ocr_line' id='line_1_15' title="bbox 213 2018 1161 2108; baseline 0 -20"><span class='ocrx_word' id='word_1_91' title='bbox 213 2026 264 2090; x_wconf 91' lang='lat' dir='ltr'><strong>ait</strong></span> <span class='ocrx_word' id='word_1_92' title='bbox 278 2018 492 2108; x_wconf 87' lang='lat' dir='ltr'><strong>²apostolus)</strong></span> <span class='ocrx_word' id='word_1_93' title='bbox 507 2030 710 2106; x_wconf 83' lang='lat' dir='ltr'><strong>appetentes</strong></span> <span class='ocrx_word' id='word_1_94' title='bbox 726 2042 747 2087; x_wconf 86' lang='lat' dir='ltr'><strong>a</strong></span> <span class='ocrx_word' id='word_1_95' title='bbox 767 2024 834 2088; x_wconf 88' lang='lat' dir='ltr'><strong>fide</strong></span> <span class='ocrx_word' id='word_1_96' title='bbox 855 2024 1161 2105; x_wconf 81' lang='lat' dir='ltr'><strong>naufragaverunt.</strong></span> 
     </span>
     <span class='ocr_line' id='line_1_16' title="bbox 217 2122 1162 2206; baseline 0 -19"><span class='ocrx_word' id='word_1_97' title='bbox 217 2124 420 2188; x_wconf 87' lang='lat' dir='ltr'><strong>Insinuatus</strong></span> <span class='ocrx_word' id='word_1_98' title='bbox 448 2130 502 2187; x_wconf 86' lang='lat' dir='ltr'><strong>est</strong></span> <span class='ocrx_word' id='word_1_99' title='bbox 522 2124 633 2206; x_wconf 91' lang='lat' dir='ltr'><strong>primo</strong></span> <span class='ocrx_word' id='word_1_100' title='bbox 655 2123 773 2188; x_wconf 92' lang='lat' dir='ltr'><strong>comiti</strong></span> <span class='ocrx_word' id='word_1_101' title='bbox 794 2122 961 2199; x_wconf 89' lang='lat' dir='ltr'><strong>Henrico,</strong></span> <span class='ocrx_word' id='word_1_102' title='bbox 983 2124 1044 2204; x_wconf 92' lang='lat' dir='ltr'><strong>qui</strong></span> <span class='ocrx_word' id='word_1_103' title='bbox 1066 2130 1162 2204; x_wconf 90' lang='lat' dir='ltr'><strong>post-</strong></span> 
     </span>
     <span class='ocr_line' id='line_1_17' title="bbox 216 2222 1164 2304; baseline -0.002 -17"><span class='ocrx_word' id='word_1_104' title='bbox 216 2223 356 2287; x_wconf 90' lang='lat' dir='ltr'><strong>modum</strong></span> <span class='ocrx_word' id='word_1_105' title='bbox 381 2243 444 2287; x_wconf 87' lang='lat' dir='ltr'><strong>rex</strong></span> <span class='ocrx_word' id='word_1_106' title='bbox 470 2222 547 2299; x_wconf 87' lang='lat' dir='ltr'><strong>suit,</strong></span> <span class='ocrx_word' id='word_1_107' title='bbox 574 2241 637 2304; x_wconf 91' lang='lat' dir='ltr'><strong>pro</strong></span> <span class='ocrx_word' id='word_1_108' title='bbox 670 2222 934 2304; x_wconf 79' lang='lat' dir='ltr'><strong>prudentiores</strong></span> <span class='ocrx_word' id='word_1_109' title='bbox 958 2222 1164 2285; x_wconf 86' lang='lat' dir='ltr'><strong>domesticas</strong></span> 
     </span>
     <span class='ocr_line' id='line_1_18' title="bbox 218 2320 1165 2399; baseline 0 -14"><span class='ocrx_word' id='word_1_110' title='bbox 218 2322 489 2399; x_wconf 87' lang='lat' dir='ltr'><strong>administrandi,</strong></span> <span class='ocrx_word' id='word_1_111' title='bbox 503 2329 539 2386; x_wconf 87' lang='lat' dir='ltr'><strong>et</strong></span> <span class='ocrx_word' id='word_1_112' title='bbox 554 2320 676 2385; x_wconf 88' lang='lat' dir='ltr'><strong>luxum</strong></span> <span class='ocrx_word' id='word_1_113' title='bbox 691 2321 832 2386; x_wconf 85' lang='lat' dir='ltr'><strong>familiae</strong></span> <span class='ocrx_word' id='word_1_114' title='bbox 848 2321 1040 2385; x_wconf 88' lang='lat' dir='ltr'><strong>cohibendi.</strong></span> <span class='ocrx_word' id='word_1_115' title='bbox 1082 2321 1165 2385; x_wconf 87' lang='lat' dir='ltr'><strong>Fuit</strong></span> 
     </span>
     <span class='ocr_line' id='line_1_19' title="bbox 218 2420 1165 2502; baseline -0.002 -17"><span class='ocrx_word' id='word_1_116' title='bbox 218 2422 308 2485; x_wconf 89' lang='lat' dir='ltr'><strong>enim</strong></span> <span class='ocrx_word' id='word_1_117' title='bbox 335 2422 509 2485; x_wconf 88' lang='lat' dir='ltr'><strong>Henricus</strong></span> <span class='ocrx_word' id='word_1_118' title='bbox 533 2428 615 2485; x_wconf 89' lang='lat' dir='ltr'><strong>ante</strong></span> <span class='ocrx_word' id='word_1_119' title='bbox 645 2440 788 2501; x_wconf 84' lang='lat' dir='ltr'><strong>regnum</strong></span> <span class='ocrx_word' id='word_1_120' title='bbox 820 2420 858 2485; x_wconf 89' lang='lat' dir='ltr'><strong>in</strong></span> <span class='ocrx_word' id='word_1_121' title='bbox 884 2421 1047 2502; x_wconf 86' lang='lat' dir='ltr'><strong>expensis</strong></span> <span class='ocrx_word' id='word_1_122' title='bbox 1068 2421 1165 2502; x_wconf 86' lang='lat' dir='ltr'><strong>parci</strong></span> 
     </span>
     <span class='ocr_line' id='line_1_20' title="bbox 218 2520 1166 2604; baseline -0.003 -17"><span class='ocrx_word' id='word_1_123' title='bbox 218 2523 323 2588; x_wconf 91' lang='lat' dir='ltr'><strong>animi</strong></span> <span class='ocrx_word' id='word_1_124' title='bbox 349 2530 385 2587; x_wconf 88' lang='lat' dir='ltr'><strong>et</strong></span> <span class='ocrx_word' id='word_1_125' title='bbox 398 2521 502 2604; x_wconf 81' lang='lat' dir='ltr'><strong>frugi,</strong></span> <span class='ocrx_word' id='word_1_126' title='bbox 522 2522 668 2604; x_wconf 88' lang='lat' dir='ltr'><strong>penuria</strong></span> <span class='ocrx_word' id='word_1_127' title='bbox 689 2521 822 2585; x_wconf 88' lang='lat' dir='ltr'><strong>scilicet</strong></span> <span class='ocrx_word' id='word_1_128' title='bbox 836 2521 884 2584; x_wconf 89' lang='lat' dir='ltr'><strong>rei</strong></span> <span class='ocrx_word' id='word_1_129' title='bbox 907 2520 1086 2584; x_wconf 88' lang='lat' dir='ltr'><strong>familiaris</strong></span> <span class='ocrx_word' id='word_1_130' title='bbox 1109 2535 1166 2584; x_wconf 67' lang='lat' dir='ltr'><strong>as=</strong></span> 
     </span>
     <span class='ocr_line' id='line_1_21' title="bbox 218 2619 1167 2701; baseline -0.004 -14"><span class='ocrx_word' id='word_1_131' title='bbox 218 2622 354 2700; x_wconf 87' lang='lat' dir='ltr'><strong>trictus,</strong></span> <span class='ocrx_word' id='word_1_132' title='bbox 369 2621 533 2686; x_wconf 86' lang='lat' dir='ltr'><strong>fratribus</strong></span> <span class='ocrx_word' id='word_1_133' title='bbox 548 2619 725 2685; x_wconf 90' lang='lat' dir='ltr'><strong>Willelmo</strong></span> <span class='ocrx_word' id='word_1_134' title='bbox 743 2629 778 2685; x_wconf 88' lang='lat' dir='ltr'><strong>et</strong></span> <span class='ocrx_word' id='word_1_135' title='bbox 794 2620 949 2684; x_wconf 90' lang='lat' dir='ltr'><strong>Roberto</strong></span> <span class='ocrx_word' id='word_1_136' title='bbox 963 2628 1167 2701; x_wconf 86' lang='lat' dir='ltr'><strong>arroganter</strong></span> 
     </span>
     <span class='ocr_line' id='line_1_22' title="bbox 217 2719 1166 2803; baseline -0.001 -17"><span class='ocrx_word' id='word_1_137' title='bbox 217 2741 298 2786; x_wconf 89' lang='lat' dir='ltr'><strong>eum</strong></span> <span class='ocrx_word' id='word_1_138' title='bbox 312 2721 554 2786; x_wconf 81' lang='lat' dir='ltr'><strong>tractantibus.</strong></span> <span class='ocrx_word' id='word_1_139' title='bbox 606 2719 716 2803; x_wconf 87' lang='lat' dir='ltr'><strong>Cujus</strong></span> <span class='ocrx_word' id='word_1_140' title='bbox 740 2720 888 2802; x_wconf 78' lang='lat' dir='ltr'><strong>cognitis</strong></span> <span class='ocrx_word' id='word_1_141' title='bbox 910 2721 1074 2797; x_wconf 90' lang='lat' dir='ltr'><strong>moribus,</strong></span> <span class='ocrx_word' id='word_1_142' title='bbox 1093 2721 1166 2785; x_wconf 93' lang='lat' dir='ltr'><strong>Ro·</strong></span> 
     </span>
     <span class='ocr_line' id='line_1_23' title="bbox 220 2819 1167 2903; baseline -0.001 -19"><span class='ocrx_word' id='word_1_143' title='bbox 220 2822 336 2902; x_wconf 79' lang='lat' dir='ltr'><strong>gorius</strong></span> <span class='ocrx_word' id='word_1_144' title='bbox 354 2821 405 2886; x_wconf 88' lang='lat' dir='ltr'><strong>ita</strong></span> <span class='ocrx_word' id='word_1_145' title='bbox 419 2841 496 2886; x_wconf 88' lang='lat' dir='ltr'><strong>eum</strong></span> <span class='ocrx_word' id='word_1_146' title='bbox 515 2828 667 2903; x_wconf 90' lang='lat' dir='ltr'><strong>tempore</strong></span> <span class='ocrx_word' id='word_1_147' title='bbox 680 2821 808 2902; x_wconf 82' lang='lat' dir='ltr'><strong>inopiae</strong></span> <span class='ocrx_word' id='word_1_148' title='bbox 824 2819 1003 2897; x_wconf 88' lang='lat' dir='ltr'><strong>demeruit,</strong></span> <span class='ocrx_word' id='word_1_149' title='bbox 1019 2826 1071 2896; x_wconf 90' lang='lat' dir='ltr'><strong>ut,</strong></span> <span class='ocrx_word' id='word_1_150' title='bbox 1089 2838 1167 2883; x_wconf 87' lang='lat' dir='ltr'><strong>cum</strong></span> 
     </span>
     <span class='ocr_line' id='line_1_24' title="bbox 219 2917 1167 3002; baseline -0.002 -18"><span class='ocrx_word' id='word_1_151' title='bbox 219 2921 278 2985; x_wconf 87' lang='lat' dir='ltr'><strong>ille</strong></span> <span class='ocrx_word' id='word_1_152' title='bbox 300 2921 425 2987; x_wconf 89' lang='lat' dir='ltr'><strong>solium</strong></span> <span class='ocrx_word' id='word_1_153' title='bbox 446 2920 544 3002; x_wconf 85' lang='lat' dir='ltr'><strong>regni</strong></span> <span class='ocrx_word' id='word_1_154' title='bbox 567 2920 790 2997; x_wconf 88' lang='lat' dir='ltr'><strong>ascendisset,</strong></span> <span class='ocrx_word' id='word_1_155' title='bbox 807 2919 892 2983; x_wconf 91' lang='lat' dir='ltr'><strong>nibil</strong></span> <span class='ocrx_word' id='word_1_156' title='bbox 918 2917 951 2983; x_wconf 93' lang='lat' dir='ltr'><strong>ei</strong></span> <span class='ocrx_word' id='word_1_157' title='bbox 965 2920 1020 2984; x_wconf 86' lang='lat' dir='ltr'><strong>vel</strong></span> <span class='ocrx_word' id='word_1_158' title='bbox 1044 2939 1167 3001; x_wconf 89' lang='lat' dir='ltr'><strong>parum</strong></span> 
     </span>
     <span class='ocr_line' id='line_1_25' title="bbox 220 3019 1168 3104; baseline 0 -21"><span class='ocrx_word' id='word_1_159' title='bbox 220 3027 364 3102; x_wconf 82' lang='lat' dir='ltr'><strong>negaret</strong></span> <span class='ocrx_word' id='word_1_160' title='bbox 397 3020 490 3104; x_wconf 91' lang='lat' dir='ltr'><strong>quod</strong></span> <span class='ocrx_word' id='word_1_161' title='bbox 516 3020 591 3103; x_wconf 87' lang='lat' dir='ltr'><strong>ipse</strong></span> <span class='ocrx_word' id='word_1_162' title='bbox 621 3020 807 3102; x_wconf 90' lang='lat' dir='ltr'><strong>petendum</strong></span> <span class='ocrx_word' id='word_1_163' title='bbox 837 3025 1014 3102; x_wconf 87' lang='lat' dir='ltr'><strong>putasset:</strong></span> <span class='ocrx_word' id='word_1_164' title='bbox 1048 3019 1168 3102; x_wconf 86' lang='lat' dir='ltr'><strong>largiri</strong></span> 
     </span>
     <span class='ocr_line' id='line_1_26' title="bbox 220 3119 1168 3203; baseline 0 -19"><span class='ocrx_word' id='word_1_165' title='bbox 220 3121 362 3202; x_wconf 84' lang='lat' dir='ltr'><strong>praedia,</strong></span> <span class='ocrx_word' id='word_1_166' title='bbox 378 3119 553 3197; x_wconf 90' lang='lat' dir='ltr'><strong>ecclesias,</strong></span> <span class='ocrx_word' id='word_1_167' title='bbox 564 3120 767 3203; x_wconf 86' lang='lat' dir='ltr'><strong>praebendas</strong></span> <span class='ocrx_word' id='word_1_168' title='bbox 782 3119 995 3197; x_wconf 88' lang='lat' dir='ltr'><strong>clericorum,</strong></span> <span class='ocrx_word' id='word_1_169' title='bbox 1011 3119 1168 3184; x_wconf 87' lang='lat' dir='ltr'><strong>abbatias</strong></span> 
     </span>
     <span class='ocr_line' id='line_1_27' title="bbox 219 3219 1169 3301; baseline -0.001 -19"><span class='ocrx_word' id='word_1_170' title='bbox 219 3221 374 3300; x_wconf 85' lang='lat' dir='ltr'><strong>integras</strong></span> <span class='ocrx_word' id='word_1_171' title='bbox 404 3219 662 3296; x_wconf 86' lang='lat' dir='ltr'><strong>monachorum,</strong></span> <span class='ocrx_word' id='word_1_172' title='bbox 687 3219 802 3301; x_wconf 89' lang='lat' dir='ltr'><strong>ipsum</strong></span> <span class='ocrx_word' id='word_1_173' title='bbox 825 3224 1000 3301; x_wconf 87' lang='lat' dir='ltr'><strong>postremo</strong></span> <span class='ocrx_word' id='word_1_174' title='bbox 1024 3239 1169 3300; x_wconf 85' lang='lat' dir='ltr'><strong>regnum</strong></span> 
     </span>
     <span class='ocr_line' id='line_1_28' title="bbox 221 3317 1169 3401; baseline 0 -21"><span class='ocrx_word' id='word_1_175' title='bbox 221 3317 302 3380; x_wconf 84' lang='lat' dir='ltr'><strong>fidei</strong></span> <span class='ocrx_word' id='word_1_176' title='bbox 327 3317 402 3401; x_wconf 90' lang='lat' dir='ltr'><strong>ejus</strong></span> <span class='ocrx_word' id='word_1_177' title='bbox 427 3317 659 3382; x_wconf 82' lang='lat' dir='ltr'><strong>committere:</strong></span> <span class='ocrx_word' id='word_1_178' title='bbox 684 3317 926 3382; x_wconf 90' lang='lat' dir='ltr'><strong>cancellarium</strong></span> <span class='ocrx_word' id='word_1_179' title='bbox 940 3318 1040 3381; x_wconf 90' lang='lat' dir='ltr'><strong>initio</strong></span> <span class='ocrx_word' id='word_1_180' title='bbox 1059 3318 1169 3398; x_wconf 84' lang='lat' dir='ltr'><strong>regni,</strong></span> 
     </span>
     <span class='ocr_line' id='line_1_29' title="bbox 223 3415 1171 3498; baseline 0.001 -19"><span class='ocrx_word' id='word_1_181' title='bbox 223 3434 286 3479; x_wconf 91' lang='lat' dir='ltr'><strong>nec</strong></span> <span class='ocrx_word' id='word_1_182' title='bbox 303 3417 412 3480; x_wconf 90' lang='lat' dir='ltr'><strong>multo</strong></span> <span class='ocrx_word' id='word_1_183' title='bbox 427 3423 508 3498; x_wconf 88' lang='lat' dir='ltr'><strong>post</strong></span> <span class='ocrx_word' id='word_1_184' title='bbox 524 3416 722 3498; x_wconf 90' lang='lat' dir='ltr'><strong>episcopum</strong></span> <span class='ocrx_word' id='word_1_185' title='bbox 736 3415 944 3492; x_wconf 84' lang='lat' dir='ltr'><strong>Salesbiriae,</strong></span> <span class='ocrx_word' id='word_1_186' title='bbox 961 3415 1051 3479; x_wconf 84' lang='lat' dir='ltr'><strong>iecit.</strong></span> <span class='ocrx_word' id='word_1_187' title='bbox 1098 3416 1171 3480; x_wconf 92' lang='lat' dir='ltr'><strong>Ro-</strong></span> 
     </span>
     <span class='ocr_line' id='line_1_30' title="bbox 223 3515 1169 3597; baseline 0.001 -20"><span class='ocrx_word' id='word_1_188' title='bbox 223 3515 339 3596; x_wconf 80' lang='lat' dir='ltr'><strong>gerius</strong></span> <span class='ocrx_word' id='word_1_189' title='bbox 356 3533 438 3595; x_wconf 86' lang='lat' dir='ltr'><strong>ergo</strong></span> <span class='ocrx_word' id='word_1_190' title='bbox 456 3515 582 3596; x_wconf 83' lang='lat' dir='ltr'><strong>agebat</strong></span> <span class='ocrx_word' id='word_1_191' title='bbox 601 3533 735 3591; x_wconf 87' lang='lat' dir='ltr'><strong>causas,</strong></span> <span class='ocrx_word' id='word_1_192' title='bbox 751 3515 827 3597; x_wconf 88' lang='lat' dir='ltr'><strong>ipse</strong></span> <span class='ocrx_word' id='word_1_193' title='bbox 848 3515 1093 3580; x_wconf 87' lang='lat' dir='ltr'><strong>moderabatur</strong></span> <span class='ocrx_word' id='word_1_194' title='bbox 1108 3535 1169 3579; x_wconf 88' lang='lat' dir='ltr'><strong>ex·</strong></span> 
     </span>
     <span class='ocr_line' id='line_1_31' title="bbox 224 3615 1170 3697; baseline 0 -19"><span class='ocrx_word' id='word_1_195' title='bbox 224 3633 363 3697; x_wconf 87' lang='lat' dir='ltr'><strong>pensas,</strong></span> <span class='ocrx_word' id='word_1_196' title='bbox 387 3615 462 3696; x_wconf 90' lang='lat' dir='ltr'><strong>ipse</strong></span> <span class='ocrx_word' id='word_1_197' title='bbox 496 3615 658 3678; x_wconf 85' lang='lat' dir='ltr'><strong>servabat</strong></span> <span class='ocrx_word' id='word_1_198' title='bbox 682 3632 810 3694; x_wconf 84' lang='lat' dir='ltr'><strong>gazas3</strong></span> <span class='ocrx_word' id='word_1_199' title='bbox 842 3615 907 3678; x_wconf 89' lang='lat' dir='ltr'><strong>hoc</strong></span> <span class='ocrx_word' id='word_1_200' title='bbox 940 3615 1079 3697; x_wconf 90' lang='lat' dir='ltr'><strong>quando</strong></span> <span class='ocrx_word' id='word_1_201' title='bbox 1106 3635 1170 3678; x_wconf 87' lang='lat' dir='ltr'><strong>rex</strong></span> 
     </span>
     <span class='ocr_line' id='line_1_32' title="bbox 221 3712 1171 3796; baseline -0.002 -16"><span class='ocrx_word' id='word_1_202' title='bbox 221 3719 300 3782; x_wconf 63' lang='lat' dir='ltr'><strong>,crat</strong></span> <span class='ocrx_word' id='word_1_203' title='bbox 324 3713 360 3777; x_wconf 89' lang='lat' dir='ltr'><strong>in</strong></span> <span class='ocrx_word' id='word_1_204' title='bbox 386 3712 528 3795; x_wconf 81' lang='lat' dir='ltr'><strong>Anglia,</strong></span> <span class='ocrx_word' id='word_1_205' title='bbox 552 3713 617 3777; x_wconf 91' lang='lat' dir='ltr'><strong>hoc</strong></span> <span class='ocrx_word' id='word_1_206' title='bbox 645 3713 719 3776; x_wconf 89' lang='lat' dir='ltr'><strong>sine</strong></span> <span class='ocrx_word' id='word_1_207' title='bbox 742 3714 836 3778; x_wconf 89' lang='lat' dir='ltr'><strong>socio</strong></span> <span class='ocrx_word' id='word_1_208' title='bbox 860 3720 896 3777; x_wconf 88' lang='lat' dir='ltr'><strong>et</strong></span> <span class='ocrx_word' id='word_1_209' title='bbox 921 3721 1012 3778; x_wconf 85' lang='lat' dir='ltr'><strong>teste</strong></span> <span class='ocrx_word' id='word_1_210' title='bbox 1033 3714 1171 3796; x_wconf 89' lang='lat' dir='ltr'><strong>quando</strong></span> 
     </span>
     <span class='ocr_line' id='line_1_33' title="bbox 223 3809 1171 3899; baseline -0.001 -22"><span class='ocrx_word' id='word_1_211' title='bbox 223 3812 335 3899; x_wconf 89' lang='lat' dir='ltr'><strong>(quod</strong></span> <span class='ocrx_word' id='word_1_212' title='bbox 352 3814 470 3877; x_wconf 91' lang='lat' dir='ltr'><strong>crebro</strong></span> <span class='ocrx_word' id='word_1_213' title='bbox 492 3817 527 3876; x_wconf 91' lang='lat' dir='ltr'><strong>et</strong></span> <span class='ocrx_word' id='word_1_214' title='bbox 542 3813 602 3876; x_wconf 87' lang='lat' dir='ltr'><strong>diu</strong></span> <span class='ocrx_word' id='word_1_215' title='bbox 625 3809 766 3896; x_wconf 86' lang='lat' dir='ltr'><strong>accidit)</strong></span> <span class='ocrx_word' id='word_1_216' title='bbox 781 3815 979 3878; x_wconf 88' lang='lat' dir='ltr'><strong>morabatur</strong></span> <span class='ocrx_word' id='word_1_217' title='bbox 997 3813 1171 3883; x_wconf 88' lang='lat' dir='ltr'><strong>Norman·</strong></span> 
     </span>
    </p>
   </div>
   <div class='ocr_carea' id='block_1_5' title="bbox 224 3912 1172 3995">
    <p class='ocr_par' dir='ltr' id='par_1_7' title="bbox 224 3912 1172 3995">
     <span class='ocr_line' id='line_1_34' title="bbox 224 3912 1172 3995; baseline 0 -19"><span class='ocrx_word' id='word_1_218' title='bbox 224 3913 303 3976; x_wconf 85' lang='lat' dir='ltr'><strong>niae.</strong></span> <span class='ocrx_word' id='word_1_219' title='bbox 356 3912 432 3977; x_wconf 91' lang='lat' dir='ltr'><strong>Nec</strong></span> <span class='ocrx_word' id='word_1_220' title='bbox 450 3912 562 3977; x_wconf 88' lang='lat' dir='ltr'><strong>solum</strong></span> <span class='ocrx_word' id='word_1_221' title='bbox 579 3931 601 3974; x_wconf 89' lang='lat' dir='ltr'><strong>a</strong></span> <span class='ocrx_word' id='word_1_222' title='bbox 614 3931 707 3994; x_wconf 84' lang='lat' dir='ltr'><strong>rege,</strong></span> <span class='ocrx_word' id='word_1_223' title='bbox 730 3912 790 3976; x_wconf 89' lang='lat' dir='ltr'><strong>sed</strong></span> <span class='ocrx_word' id='word_1_224' title='bbox 813 3920 848 3976; x_wconf 91' lang='lat' dir='ltr'><strong>et</strong></span> <span class='ocrx_word' id='word_1_225' title='bbox 869 3914 912 3977; x_wconf 88' lang='lat' dir='ltr'><strong>ab</strong></span> <span class='ocrx_word' id='word_1_226' title='bbox 934 3913 1172 3995; x_wconf 87' lang='lat' dir='ltr'><strong>optimatibus,</strong></span> 
     </span>
    </p>
   </div>
   <div class='ocr_carea' id='block_1_6' title="bbox 262 4171 687 4251">
    <p class='ocr_par' dir='ltr' id='par_1_8' title="bbox 262 4171 687 4251">
     <span class='ocr_line' id='line_1_35' title="bbox 262 4171 687 4251; baseline 0.009 -17"><span class='ocrx_word' id='word_1_227' title='bbox 262 4182 269 4211; x_wconf 90' lang='lat'>¹</span> <span class='ocrx_word' id='word_1_228' title='bbox 283 4171 427 4251; x_wconf 60' lang='lat' dir='ltr'><strong>Benefica]</strong></span> <span class='ocrx_word' id='word_1_229' title='bbox 446 4187 518 4238; x_wconf 78' lang='lat' dir='ltr'><strong>sn.</strong></span> <span class='ocrx_word' id='word_1_230' title='bbox 531 4188 602 4249; x_wconf 79' lang='lat' dir='ltr'><strong>r2.;</strong></span> <span class='ocrx_word' id='word_1_231' title='bbox 619 4188 687 4238; x_wconf 72' lang='lat' dir='ltr'><strong>aue-</strong></span> 
     </span>
    </p>
   </div>
   <div class='ocr_carea' id='block_1_7' title="bbox 224 4219 1199 4317">
    <p class='ocr_par' dir='ltr' id='par_1_9' title="bbox 224 4219 1199 4317">
     <span class='ocr_line' id='line_1_36' title="bbox 224 4219 1199 4317; baseline -0.002 -44"><span class='ocrx_word' id='word_1_232' title='bbox 224 4255 322 4317; x_wconf 58' lang='lat' dir='ltr'><strong>neflci⁰‚</strong></span> <span class='ocrx_word' id='word_1_233' title='bbox 333 4257 365 4306; x_wconf 44' lang='grc' dir='ltr'><strong>Ε·</strong></span> <span class='ocrx_word' id='word_1_234' title='bbox 748 4219 919 4287; x_wconf 75' lang='lat' dir='ltr'><strong>’Apostotue.]</strong></span> <span class='ocrx_word' id='word_1_235' title='bbox 931 4226 944 4270; x_wconf 89' lang='lat'>1</span> <span class='ocrx_word' id='word_1_236' title='bbox 956 4223 1021 4273; x_wconf 83' lang='lat' dir='ltr'><strong>Tim.</strong></span> <span class='ocrx_word' id='word_1_237' title='bbox 1035 4235 1054 4272; x_wconf 89' lang='lat'><strong>1.</strong></span> <span class='ocrx_word' id='word_1_238' title='bbox 1067 4225 1108 4274; x_wconf 79' lang='grc'><strong>19.</strong></span> <span class='ocrx_word' id='word_1_239' title='bbox 1196 4289 1199 4295; x_wconf 27' lang='grc' dir='ltr'>ι</span> 
     </span>
    </p>
   </div>
   <div class='ocr_carea' id='block_1_8' title="bbox 988 4343 1068 4388">
    <p class='ocr_par' dir='ltr' id='par_1_10' title="bbox 988 4343 1068 4388">
     <span class='ocr_line' id='line_1_37' title="bbox 988 4343 1068 4388; baseline 0 0"><span class='ocrx_word' id='word_1_240' title='bbox 988 4343 1068 4388; x_wconf 72' lang='lat'><strong>³1³2</strong></span> 
     </span>
    </p>
   </div>
   <div class='ocr_carea' id='block_1_9' title="bbox 0 0 1597 5025">
    <p class='ocr_par' dir='ltr' id='par_1_11' title="bbox 0 0 1597 5025">
     <span class='ocr_line' id='line_1_38' title="bbox 0 0 1597 5025; baseline 0 0"><span class='ocrx_word' id='word_1_241' title='bbox 0 0 1597 5025; x_wconf 95' lang='lat' dir='ltr'><strong> </strong></span> 
     </span>
    </p>
   </div>
  </div>
 </body>
</html>
