3142 5025
228 484 298 533 nin.
314 468 371 549 11.]
519 482 693 533 nisronm
716 486 893 534 uovnnna.
1112 471 1179 535 725

226 642 437 706 reclinabat:
458 641 645 718 RobertuS,
664 641 862 705 Christiana
876 640 1007 723 pietate
1020 639 1178 723 insignis,

226 740 262 804 in
282 741 402 805 Sancti
424 742 573 825 Spiritus
594 750 629 806 et
645 741 792 805 dominae
818 748 949 805 sanctae
968 740 1092 804 Mariae
1114 760 1178 823 pa-

227 843 373 905 trocinio
388 849 482 906 totus
497 841 668 924 pendulus
685 848 771 905 erat.
818 840 884 903 Ille
902 841 938 903 in
954 846 1031 903 tota
1048 839 1176 919 Gallia,

228 948 263 1003 et
278 942 453 1023 partimin
469 939 658 1004 Germania
675 948 711 1004 et
726 940 936 1016 Brittannia,
945 940 1099 1004 fautores
1114 940 1177 1004 ha·

227 1041 325 1117 bens,
348 1058 485 1103 omnem
512 1041 615 1104 etiam
639 1039 835 1103 Romanam
861 1039 1007 1121 plebem,
1029 1048 1177 1122 excepto

228 1146 363 1214 senatu,
387 1140 585 1203 muneribus
611 1139 678 1201 sibi
700 1139 925 1203 devinxerat:
947 1140 1026 1215 iste,
1051 1148 1178 1221 praeter

228 1238 455 1318 paucissimos
469 1238 530 1320 qui
546 1238 625 1301 fidei
637 1238 810 1319 quondam
829 1237 959 1320 juratae
973 1257 1043 1301 non
1057 1239 1175 1302 imme-

229 1356 341 1400 mores
353 1344 451 1401 erant
465 1338 502 1400 in
518 1336 660 1418 Anglia,
675 1338 860 1419 optimates
876 1337 931 1402 vel
951 1337 1176 1401 adversantes

228 1437 284 1500 vel
298 1436 383 1500 nihil
405 1436 611 1520 adjuvantes
632 1445 798 1520 expertus
814 1444 878 1501 est.
929 1434 1077 1519 Appulit
1092 1457 1176 1519 ergo

227 1534 476 1615 Arundellum3
506 1538 623 1619 ibique
637 1556 796 1601 novercae
817 1556 902 1613 suae,
917 1556 1034 1618 quam,
1048 1537 1177 1601 amissa

223 1642 339 1699 matre
361 1637 590 1719 imperatricis
612 1635 672 1722 (ut
692 1635 860 1718 praesatus
881 1632 987 1719 sum),
1001 1634 1177 1701 Henricus

226 1755 290 1799 rex
307 1736 481 1817 quondam
494 1738 585 1801 lecto
600 1736 836 1818 copulaverat,
850 1742 928 1799 tuta
941 1735 998 1821 (ut
1011 1734 1177 1821 putabat)

226 1835 384 1900 custodia
415 1854 567 1899 sororem
594 1836 732 1899 interim
761 1836 948 1917 delegavit.
1000 1835 1083 1918 Ipse
1115 1858 1178 1919 per

229 1940 300 1997 tam
325 1934 514 1998 confertam
535 1936 739 2012 barbariem,
765 1936 827 1998 vix
854 1934 936 1997 dum
960 1932 1018 2019 (ut
1041 1934 1176 2021 audivi)

228 2032 409 2097 duodecim
423 2034 588 2099 militibus
604 2035 801 2111 comitatus,
816 2034 959 2098 Bristou
975 2035 1174 2115 contendit,

229 2140 428 2197 occurrente
451 2134 517 2197 sibi
533 2134 645 2197 medio
660 2134 792 2197 itineris
808 2134 938 2196 Briano
953 2132 1024 2197 lilio
1041 2135 1176 2197 comitis

229 2252 273 2295 cx
292 2232 550 2315 Walengeford.
603 2233 679 2297 Nec
707 2232 817 2296 multo
833 2239 915 2313 post
933 2234 1098 2313 cognovit
1118 2253 1176 2297 so·
1277 2235 1291 2255 “

165 2366 167 2370 -
228 2351 340 2395 rorem
368 2352 413 2395 cx
440 2330 631 2397 Arundello
661 2333 872 2414 prosectam3
904 2351 1054 2395 noverca
1083 2334 1174 2396 enim

227 2431 391 2495 foeminea
411 2431 554 2495 levitate
575 2431 689 2508 fidem,
717 2424 846 2494 totiens
870 2432 976 2494 ctiam
1001 2432 1116 2495 missis
1138 2434 1175 2497 in

230 2531 481 2596 Normanniam
493 2532 627 2595 nunciis
639 2532 855 2614 promissam,
870 2531 1051 2596 fefellerat.
1102 2534 1175 2598 De-

228 2632 279 2696 dit
303 2652 365 2695 rex
381 2625 501 2714 ¹porro
525 2630 735 2714 imperatrici
748 2631 999 2695 Wintoniensis
1023 2632 1175 2716 episcopi

230 2730 376 2795 Henrici
393 2739 429 2796 et
444 2732 580 2796 comitis
595 2730 835 2795 Mellentensis
848 2730 1067 2795 Walleranni
1093 2751 1175 2796 con·
1236 2792 1240 2798 .

227 2831 392 2910 ductum3
409 2850 510 2914 quem
524 2831 676 2908 cuilibet,
693 2830 852 2912 quamvis
864 2829 1086 2895 infestissimo
1107 2833 1173 2895 ini·

226 2930 327 3008 mico,
351 2950 478 3012 negare
503 2931 726 2994 laudabilium
749 2930 896 2994 militum
919 2950 994 2995 mos
1013 2951 1083 2995 non
1108 2940 1171 2997 est.

227 3029 273 3093 Et
297 3030 540 3095 Wallerannus
570 3031 709 3113 quidem
736 3030 829 3094 ultra
854 3029 1000 3094 Caluam
1031 3032 1173 3096 tendere

225 3131 429 3212 supersedit,
457 3132 620 3213 episcopo
651 3131 688 3193 in
715 3130 887 3194 conductu
915 3139 1171 3213 perseverante.

226 3226 422 3294 Contractis
437 3249 520 3312 ergo
546 3248 660 3294 comes
683 3230 839 3293 celeriter
863 3231 972 3311 copiis
992 3230 1037 3293 ad
1061 3239 1172 3295 metas

225 3347 246 3390 a
272 3347 352 3409 rege
377 3329 477 3392 datas
510 3329 663 3404 advenit,
694 3347 915 3409 sororemque
939 3322 1001 3391 ²ad
1029 3326 1171 3394 Bristou

224 3428 332 3490 tutior
354 3426 528 3509 perduxit.
581 3427 728 3509 Recepit
750 3427 846 3490 illam
870 3434 993 3508 postea
1012 3426 1049 3490 in
1066 3427 1172 3492 Gloe-

223 3532 370 3589 cestram
398 3526 497 3603 Milo,
519 3526 579 3608 qui
601 3525 782 3590 castellum
812 3526 965 3610 ejusdem
986 3527 1081 3590 urbis
1106 3529 1171 3590 sub

223 3625 347 3688 comite
370 3624 520 3690 habebat
545 3633 697 3706 tempore
719 3626 812 3706 regis
840 3625 997 3702 Henrici,
1025 3627 1107 3691 dato
1139 3628 1171 3690 ei

223 3724 385 3806 homagio
407 3730 443 3788 et
468 3724 644 3788 fidelitatis
673 3733 908 3790 sacramento:
942 3743 1023 3788 nam
1051 3726 1171 3790 eadem

222 3825 345 3888 civitas
361 3832 466 3906 caput
480 3831 532 3888 est
549 3824 603 3888 sui
617 3824 815 3888 comitatus.

260 4131 267 4161 ¹
291 4136 403 4201 Parra]
427 4138 482 4198 E.;
505 4139 575 4199 ergo,
597 4135 626 4186 S.
650 4135 684 4184 D.
747 4129 1085 4194 'AdBrietoutatior.]E.;
1102 4130 1173 4184 Bris-

221 4205 277 4255 [Δ.
712 4211 776 4253 towe
788 4203 821 4252 ad
831 4204 935 4265 tutiora,
945 4201 974 4251 S.
986 4201 1021 4251 D.
1036 4201 1087 4254 m.

962 4342 1020 4404 un
