3142 5025
419 525 522 591 496.
636 540 750 589 caera
774 540 903 589 arcun
926 539 1141 589 aneuoaon.
1222 525 1307 608 [nra.
1323 541 1373 589 ιν.

420 717 568 780 qnorum
590 699 791 764 memoriam
813 706 876 763 aut
896 699 1037 763 brevem
1064 704 1126 762 aut
1148 697 1279 760 nullam
1296 715 1371 760 om-

421 798 503 862 nino
529 806 610 862 sunt
636 799 790 863 relicturi
813 799 850 863 in
874 799 1004 875 seculo,
1029 817 1093 862 nec
1115 797 1370 882 eleemosynam

420 896 571 962 habituri
601 899 638 962 in
669 895 766 963 Deo:
800 899 960 964 liberales
987 903 1081 975 sunt,
1108 898 1169 980 qui
1194 903 1316 980 captos
1349 916 1371 961 a

419 997 641 1081 praedonibus
665 998 851 1076 redimunt,
867 1005 929 1062 aut
951 998 1072 1079 ino'pes
1089 996 1286 1074 sublevant,
1308 1004 1369 1060 aut

419 1115 468 1160 aes
483 1096 633 1161 alienum
652 1098 842 1161 amicorum
863 1097 1069 1180 suscipiunt.
1121 1097 1186 1160 Est
1199 1116 1283 1178 ergo
1298 1096 1368 1160 lar-

418 1197 594 1277 giendnm‚
607 1197 667 1261 sed
683 1197 869 1278 diligenter
883 1203 919 1260 et
931 1197 1127 1275 moderate3
1144 1195 1261 1279 plures
1275 1196 1368 1260 enim

418 1295 628 1378 patrimonia
660 1316 725 1361 sua
757 1296 907 1360 effudere
938 1295 1133 1360 inconsulte
1163 1294 1366 1377 largiendo:

419 1388 519 1478 ¹quid
534 1415 616 1460 vero
628 1403 683 1460 est
693 1396 835 1461 stultius
851 1415 969 1478 quam,
982 1395 1075 1479 quod
1087 1395 1234 1458 libenter
1249 1395 1370 1475 facias,

418 1515 539 1559 curare
551 1515 596 1560 ne
609 1495 739 1560 diutius
754 1495 868 1560 facere
883 1496 1020 1578 possiet
1072 1494 1199 1578 Itaque
1214 1495 1367 1578 quidam,

417 1614 496 1659 cum
521 1615 591 1660 non
607 1594 760 1661 habeant
773 1596 866 1678 quod
881 1595 977 1672 dent,
998 1595 1044 1660 ad
1065 1596 1207 1678 rapinas
1223 1614 1367 1659 conver-

417 1701 559 1775 tuntur3
577 1695 758 1779 majusque
774 1695 891 1759 odium
908 1702 1143 1777 assequuntur
1160 1695 1205 1758 ab
1218 1693 1273 1758 his
1289 1694 1366 1777 qui-

416 1795 482 1858 hus
512 1794 685 1872 auferunt,
713 1813 819 1877 quam
846 1795 1050 1859 beneficium
1081 1795 1126 1859 ab
1160 1794 1215 1858 his
1242 1795 1367 1876 quibus

417 1893 662 1958 contulerunt:
697 1895 790 1977 quod
812 1893 893 1958 huic
914 1895 989 1976 regi
1011 1893 1188 1960 accidisse
1200 1893 1367 1960 dolemus.

418 1992 581 2075 Namque
604 2013 683 2059 cum
698 1994 818 2077 primis
834 1993 943 2058 initiis
957 1994 1056 2076 regni
1072 2001 1165 2057 metu
1185 1994 1365 2058 turbarum

415 2092 543 2156 milites
566 2101 827 2176 congregasset,
842 2093 928 2157 nihil
948 2094 1018 2158 illis
1041 2092 1282 2175 denegandum
1301 2112 1365 2175 pu-

416 2193 526 2270 tabat,
542 2193 676 2277 majora
691 2194 729 2257 in
743 2194 898 2259 futurum
911 2193 1097 2276 pollicitus.
1140 2192 1267 2275 Itaque
1282 2193 1366 2274 quia

413 2299 579 2374 paternos
611 2292 793 2358 thesauros
820 2301 1008 2358 evacuarat
1032 2287 1209 2375 ²impigre,
1234 2299 1271 2357 et
1291 2311 1365 2356 mo·

414 2391 501 2456 dicae
518 2393 551 2456 ei
565 2393 748 2476 pensiones
773 2395 1055 2470 numerabantur,
1070 2392 1146 2476 jam
1170 2391 1366 2456 substantia

414 2490 607 2573 defecerat3
623 2494 684 2558 sed
701 2494 837 2558 animus
854 2492 1026 2575 largiendi
1040 2511 1109 2556 non
1125 2491 1257 2569 deerat,
1271 2490 1363 2575 quod

413 2610 479 2656 usu
496 2592 646 2656 donandi
658 2612 746 2675 pene
762 2592 800 2655 in
816 2600 978 2657 naturam
987 2598 1161 2657 verterat:
1184 2591 1287 2656 homo
1302 2592 1363 2674 qui

413 2692 563 2755 nesciret
584 2690 822 2775 cujuscunque
848 2693 899 2756 rei
932 2692 1114 2775 effringere
1136 2692 1285 2774 pretium
1306 2691 1363 2755 vel

412 2791 585 2855 aestimare
599 2792 854 2869 commercium,
869 2790 930 2855 sed
944 2792 1001 2856 cni
1016 2811 1080 2874 pro
1095 2791 1194 2855 libito
1205 2790 1365 2855 venditor

412 2890 620 2955 distraheret
645 2891 917 2968 mercimonium,
943 2899 979 2955 et
1003 2891 1103 2954 miles
1128 2892 1364 2974 pacisceretur

411 2990 633 3072 stipendium.
691 2990 853 3055 Vestium
878 3009 1020 3055 suarum
1051 2991 1201 3073 pretium
1229 2990 1267 3053 in
1298 2991 1362 3053 im·

411 3108 568 3152 mensum
587 3089 710 3153 extolli
724 3090 876 3168 volebat,
891 3090 1084 3172 dedignans
1099 3091 1130 3154 si
1146 3090 1224 3172 quis
1241 3089 1362 3153 allevi-

411 3195 517 3253 asset.
563 3189 724 3272 Denique
746 3189 896 3272 quodam
911 3209 1026 3266 mane,
1040 3183 1134 3253 ³cum
1158 3189 1365 3253 calciaretur

411 3307 521 3352 novas
544 3288 690 3371 caligas,
712 3290 944 3372 interrogavit
969 3288 1216 3353 cubicularium
1242 3289 1365 3370 quanti

410 3388 672 3453 constitissent:
696 3407 775 3452 cum
798 3388 856 3452 ille
878 3389 1114 3471 respondisset
1127 3395 1198 3452 tres
1219 3388 1362 3466 solidos,

409 3487 689 3570 indignabundus
703 3495 739 3551 et
747 3487 908 3565 fremenS,
920 3492 930 3521 ‘
943 3489 1034 3567 Fili:
1050 3489 1112 3565 ait,
1128 3488 1359 3553 ‘meretricisl

409 3606 455 3651 ex
469 3606 539 3669 quo
555 3587 661 3652 habet
676 3606 740 3651 rex
754 3587 887 3670 caligas
902 3595 976 3652 tam
995 3588 1097 3653 exilis
1117 3587 1243 3669 pretiil
1261 3587 1362 3664 vade,

409 3694 445 3750 et
470 3687 555 3751 affer
575 3687 658 3750 mihi
685 3694 820 3769 emptas
843 3706 961 3753 marca
982 3688 1142 3771 argenti!
1194 3686 1267 3750 Ivit
1289 3687 1360 3765 ille,

408 3793 444 3850 et
476 3787 585 3851 multo
617 3787 757 3851 viliores
791 3786 950 3864 afferens
991 3786 1113 3871 quanti
1146 3793 1361 3869 praeceperat

409 3895 544 3970 emptas
561 3888 748 3952 ementitus
764 3893 827 3950 est.
863 3885 1018 3970 ‘Atqui,'
1031 3888 1145 3970 inquit
1159 3906 1236 3964 rex,
1259 3886 1361 3951 ‘istae

442 4114 528 4172 ¹Quid
538 4132 593 4167 vm
605 4153 613 4168 ·
626 4118 761 4181 ulma]
769 4117 869 4179 05001'0'
931 4140 942 4171 ³
962 4145 1024 4192 Cum
1041 4143 1208 4206 cabaretum]
1227 4143 1256 4192 S.
1278 4144 1307 4193 C·
1328 4143 1360 4191 Ε·

404 4186 679 4321 (183ῗῖῗρἒῇὄᾶ
691 4258 765 4309 M·
776 4274 783 4320 ;
796 4258 869 4308 oma-
894 4214 1025 4333 pastuum
1043 4229 1089 4276 pro
1108 4214 1181 4262 noia
1198 4213 1360 4275 metuetur,

403 4326 484 4375 tedin
498 4327 528 4377 G.
541 4327 574 4377 E.
