3142 5025
406 493 473 559 718
694 510 869 559 flieronis
892 510 1070 558 novumn.
1212 496 1298 577 [mn.
1318 511 1357 560 11.

407 668 535 750 praesul
559 665 728 756 dictabat)
752 668 797 732 ad
821 674 1073 744 ornamentum,
1087 667 1148 731 sed
1164 665 1223 753 (nt
1244 687 1281 732 se
1306 668 1356 731 rei

407 768 538 831 veritas
565 764 687 851 habet)
717 767 761 831 ad
786 766 941 831 eccledae
971 767 1226 843 detrimentum,
1249 767 1356 831 aediii-

408 873 535 930 catum.
588 866 632 929 In
653 866 732 949 ipsa
753 866 952 931 obsessione
969 864 1115 929 castella
1148 864 1356 943 salesbiriae,

409 965 668 1042 Sciresburuiae,
684 964 930 1029 Malmesbiriae
954 964 1029 1047 regi
1052 964 1157 1029 data:
1180 966 1267 1047 ipsae
1291 963 1356 1028 Di·

409 1064 494 1128 visae
521 1071 601 1147 post
622 1063 774 1129 triduum
798 1063 955 1141 redditae,
969 1082 1048 1127 cum
1073 1064 1140 1128 sibi
1156 1064 1355 1128 ultroneum

405 1162 577 1248 jejunium
602 1162 784 1247 episcopus
811 1163 1009 1241 indixisset,
1033 1170 1074 1227 ut
1103 1163 1169 1228 hac
1191 1163 1357 1246 angustia

410 1281 476 1326 sua
486 1256 494 1294 ¹
505 1263 654 1327 animum
672 1263 826 1345 episcopi
840 1262 1002 1340 Eliensis,
1015 1262 1077 1345 qui
1091 1282 1152 1327 eas
1166 1282 1358 1345 occupave-

410 1369 477 1438 rat,
495 1362 660 1427 flecteret.
713 1362 789 1427 Neo
803 1356 1355 1444 2Alexanderepiseopus-Lindo·

410 1461 571 1526 sotiensis
587 1461 796 1525 obstinatius
816 1462 900 1543 egit,
915 1460 1106 1525 redditione
1118 1455 1356 1525 ⁸castellorum

413 1560 554 1625 Niwerh
568 1566 604 1624 et
620 1559 789 1624 lislefford
801 1560 1039 1624 liberationem
1052 1568 1237 1625 mercatus.

462 1659 550 1742 §2L
575 1658 656 1723 Hoc
669 1659 762 1741 regis
776 1659 908 1724 sactum
928 1660 966 1723 in
987 1659 1143 1725 diversas
1166 1659 1357 1724 sententias

410 1757 517 1822 solvit
530 1777 592 1822 ora
606 1758 804 1823 multorum.
856 1757 1008 1837 Quidam
1018 1758 1181 1823 dicebant
1189 1758 1270 1841 jure
1280 1777 1357 1822 cas·

411 1856 503 1921 tellis
517 1857 688 1922 alienatos
702 1858 885 1941 episcopos
901 1858 1023 1935 videri,
1037 1877 1117 1939 quae
1128 1865 1256 1941 praeter
1268 1858 1357 1923 scita

410 1975 582 2020 canonum
610 1956 861 2021 aedifioassent:
893 1956 973 2021 illos
996 1957 1230 2040 evangelistas
1260 1957 1356 2041 pacis

411 2074 486 2120 esse
506 2056 642 2133 debere,
657 2075 728 2120 non
748 2055 957 2119 architectos
977 2054 1156 2120 domorum
1174 2076 1255 2139 quae
1276 2074 1358 2120 auc·

412 2155 545 2219 toribus
560 2154 719 2219 maleficii
739 2154 853 2219 forent
866 2154 1046 2237 retugium.
1099 2154 1190 2221 Hine
1213 2154 1359 2238 amplio-

412 2254 507 2318 ribus
529 2253 720 2318 rationibus
739 2261 776 2317 et
792 2254 1005 2319 sermonibus
1027 2255 1155 2336 agebat
1168 2254 1278 2336 Hugo
1292 2258 1360 2318 'ar-

412 2352 651 2436 chiepiscopus
674 2352 900 2435 Rothomagi,
924 2360 1094 2436 quantum
1114 2353 1176 2419 illa
1196 2353 1360 2419 facundia

412 2452 840 2540 poteratmanimusregis
851 2460 1100 2536 propugnator.
1147 2451 1361 2536 Aliicoutrn,

413 2569 559 2636 quorum
587 2553 743 2635 partibus
775 2552 961 2617 assistebat
988 2549 1361 2619 Heuricus‘Wintoni-

414 2651 508 2716 ensis
532 2653 728 2735 episeopus,
752 2651 845 2716 sedis
870 2652 1071 2734 apostolicae
1097 2653 1135 2716 in
1156 2650 1290 2735 Anglia
1310 2652 1359 2716 le·

415 2758 532 2833 gatus,
546 2749 655 2815 frater
672 2751 764 2833 regis
785 2748 966 2833 Stephani,
979 2758 1020 2815 ut
1037 2758 1120 2818 ante
1139 2751 1235 2832 dixi3
1257 2772 1360 2836 quem

415 2869 479 2914 nec
504 2848 658 2915 fraterna
683 2850 914 2927 necessitudo,
939 2869 1003 2915 nec
1026 2851 1171 2934 periculi
1192 2855 1317 2928 metus,
1339 2870 1362 2914 a
1457 2918 1460 2923 ,

415 2968 498 3013 vero
513 2941 614 3013 *tunc
637 2949 834 3014 exorbitare
860 2950 1017 3032 cogebat
1068 2949 1127 3014 Sic
1145 2969 1249 3033 porro
1269 2950 1361 3014 dioe-

415 3048 496 3112 bat:
531 3047 590 3112 ‘Si
620 3047 774 3131 episcopi
802 3048 977 3113 tramitem
998 3047 1147 3131 justitiae
1174 3049 1213 3112 in
1243 3049 1361 3132 alique

415 3146 750 3227 transgrederentur,
775 3167 846 3211 non
870 3165 947 3212 esse
971 3148 1077 3230 regis,
1105 3148 1167 3213 sed
1190 3168 1362 3213 canonum

410 3244 601 3328 judicium
633 3245 708 3309 sine
734 3246 873 3328 publico
898 3254 935 3311 et
959 3247 1195 3314 eeclesiastico
1216 3248 1363 3312 concilio

415 3343 495 3408 illos
508 3344 605 3409 nulla
619 3345 837 3426 possessione
851 3345 980 3428 privari
992 3346 1171 3411 debuisse:
1195 3367 1312 3429 regem
1326 3346 1362 3410 id

416 3463 486 3507 non
500 3437 734 3509 ⁵rectitudinis
749 3444 835 3522 zelo,
850 3444 911 3508 sed
935 3445 1105 3509 commodi
1126 3446 1180 3510 sui
1201 3466 1364 3530 compen·

415 3541 473 3607 dio
486 3542 628 3622 secisse;
651 3543 711 3626 qui
725 3543 871 3608 castella
890 3562 961 3609 nou
979 3543 1145 3623 ecclesiis,
1157 3565 1203 3608 ex
1216 3565 1364 3629 quarum
1400 3562 1406 3569 ·

450 3785 608 3860 Unitum]
625 3793 674 3856 E.;
686 3791 880 3853 animositatem,
938 3787 1123 3855 'Alexanderd
1146 3792 1197 3851 E.;
1218 3791 1322 3841 omitted
1339 3792 1367 3841 iu

416 3861 446 3911 S.
458 3861 494 3912 D.
505 3862 664 3912 La-The
680 3862 771 3911 author
789 3861 820 3910 oi
835 3860 878 3910 the
904 3860 934 3912 S.
945 3861 980 3911 D.
993 3862 1049 3911 Η.

415 3931 498 3982 Gesta
518 3931 641 3993 Stephani
658 3935 737 3982 states
757 3931 814 3980 that
835 3929 877 3980 the
937 3927 1121 3980 ’wulteran
1131 3928 1237 3979 Nimrb
1250 3929 1369 3990 ΛΕΜ·

414 4000 478 4064 king
493 4001 599 4050 ordmed
615 4001 676 4049 both
693 4000 835 4061 biehopsto
845 4001 877 4050 be
895 3996 979 4068 sord]
998 4001 1030 4050 Ε.
1039 4016 1047 4060 ;
1064 3999 1173 4060 castelli,
1183 3999 1213 4049 S.
1225 3999 1261 4049 D.
1273 4000 1329 4049 Li.

414 4069 477 4132 kept
483 4070 592 4119 without
602 4069 670 4120 tood.
688 4070 744 4120 0ns
752 4085 808 4119 was
818 4083 877 4118 cen·
936 4067 948 4100 ⁴
960 4063 1051 4137 Tana]
1069 4070 1102 4119 E.
1112 4085 1121 4130 ς
1136 4069 1242 4118 omitted
1251 4069 1279 4118 in
1289 4069 1320 4120 d.
1328 4069 1365 4120 D.

413 4140 479 4189 tined
495 4140 523 4188 in
538 4140 581 4189 the
596 4141 650 4189 erib
660 4140 689 4190 of
703 4155 736 4189 an
746 4140 876 4201 ox·lodge,
901 4139 957 4188 is.

412 4208 455 4258 the
466 4209 537 4258 other
551 4211 577 4258 in
593 4225 610 4259 a
628 4209 710 4259 hovel.
729 4207 810 4274 (Flor.
822 4210 876 4257 wi·
934 4205 1124 4258 ⁸Reetr'tadiaia
1145 4202 1220 4276 zeb]
1239 4209 1272 4258 Ε.
1289 4209 1363 4270 Η.;

412 4293 483 4340 gom.
494 4279 594 4329 eonun
605 4279 674 4329 Ab.
687 4277 774 4344 llas.)
816 4304 819 4311 ·
900 4293 932 4329 ex
943 4278 1104 4329 rectitudinis
1115 4277 1181 4341 zelo,
1190 4278 1220 4328 S.
1233 4278 1269 4329 D.
