3142 5025
236 746 332 786 Amant
340 743 364 783 or

238 795 369 836 Bohemond.

395 551 461 614 600
614 567 728 616 casus
750 565 878 616 aucun
902 567 1118 616 suenonuu.
1188 551 1276 634 [mn.
1294 569 1343 618 ιν.

398 723 543 787 scientia
555 730 591 788 et
602 722 732 787 virtute
748 723 835 786 nulli
853 722 1037 787 secundus.
1089 721 1158 786 Sed
1173 724 1257 804 quia
1269 743 1348 805 quae

400 843 478 886 cum
502 823 637 886 caeteris
663 823 745 885 fecit
768 823 942 885 communi
960 822 1055 884 laudi
1076 840 1152 884 sors
1178 823 1349 900 attribuit,

400 929 436 985 et
452 922 624 1003 quomodo
645 928 769 1003 captus
790 920 894 984 fuerit
908 921 1060 984 anterior
1081 939 1193 984 sermo
1215 923 1349 986 notitiae
1409 948 1412 953 ·

400 1021 507 1097 dedit,
521 1041 612 1084 nunc
625 1020 775 1103 qualiter
791 1039 828 1083 se
843 1021 987 1084 servitio
1002 1021 1139 1084 exuerit
1154 1020 1348 1086 dicendum.

402 1121 597 1184 Danisman
626 1121 729 1196 enim,
759 1139 838 1183 cum
864 1119 1008 1183 videret·
1021 1119 1106 1182 nihil
1140 1120 1349 1185 utilitatibus

402 1221 475 1284 suis
490 1219 657 1301 applicari
665 1218 758 1301 quod
771 1225 909 1281 tantum
919 1218 1031 1281 virum
1041 1225 1185 1295 teneret,
1199 1219 1350 1283 inflexus

404 1313 530 1382 ¹animo
559 1319 602 1382 de
632 1320 729 1401 pacis
753 1316 1010 1381 conditionibus
1042 1318 1187 1382 actitare
1220 1320 1349 1401 coepit:

403 1437 484 1481 nam
506 1437 569 1481 nec
587 1419 684 1481 illum
702 1417 869 1493 occidere,
898 1435 941 1479 ne
964 1417 1001 1479 in
1024 1435 1062 1479 se
1085 1416 1166 1480 odia
1181 1417 1350 1482 Christia-

403 1537 527 1581 norum
544 1516 654 1580 effusa
675 1517 877 1592 concitaret,
893 1535 968 1592 nec,
983 1516 1058 1578 sine
1072 1517 1199 1597 spebus
1217 1518 1252 1580 in
1270 1536 1349 1599 per·

403 1623 547 1699 petuum
561 1616 720 1679 valiturae
734 1616 841 1696 pacis,
856 1615 1028 1678 dimittere
1039 1614 1188 1678 volebat.
1241 1615 1350 1678 Polli·

403 1716 494 1778 citus
509 1734 593 1795 ergo
609 1714 834 1778 Boamundus
848 1714 1047 1778 continuam
1065 1714 1187 1795 gentili
1207 1733 1351 1778 concor-

404 1814 508 1890 diam,
534 1814 677 1878 revertit
698 1811 933 1889 Antiochiam,
958 1820 1142 1894 argenteos
1169 1813 1353 1908 compedes

404 1914 529 1994 quibus
549 1906 732 1994 ²alligatus
757 1911 871 1976 fuerat
893 1931 1009 1975 secum
1032 1911 1209 1977 deserens:
1233 1932 1256 1977 a
1277 1913 1351 1978 suis

403 2031 487 2093 ergo
498 2019 665 2094 exceptus
676 2012 917 2093 plausibiliter,
931 2010 1142 2089 Laodiciam,
1158 2019 1194 2075 et
1206 2019 1352 2077 caeteras

403 2113 506 2174 urbes
531 2130 618 2192 quas
643 2111 847 2175 Tancredus
877 2111 1097 2200 acquisierat,
1121 2112 1284 2194 suscepit,
1307 2131 1352 2176 ne

403 2211 577 2276 videretur
591 2211 740 2275 oscitare
755 2211 828 2274 otio
848 2210 930 2274 dum
945 2210 1136 2280 avunculus
1160 2212 1352 2292 suspiraret

401 2309 438 2373 in
453 2310 639 2392 ergastulo.
692 2309 769 2374 Nec
795 2309 903 2372 multo
927 2315 1008 2392 post
1025 2307 1161 2372 Gallias
1177 2310 1285 2386 venit,
1299 2309 1351 2375 os-

402 2408 516 2473 ferens
531 2417 673 2474 catenas
696 2409 810 2472 sancti
833 2407 1006 2471 Leonardi
1026 2406 1161 2482 honori,
1183 2427 1261 2490 quae
1284 2410 1351 2474 sibi

403 2507 541 2573 fuerant
561 2509 667 2573 oneri.
720 2507 846 2572 Fertur
858 2506 949 2570 enim
963 2507 999 2570 in
1015 2506 1135 2589 primis
1152 2501 1228 2572 ³ille
1251 2528 1353 2574 sanc·

405 2615 462 2672 tus
486 2608 774 2672 absolvendorum
789 2607 1004 2671 vinculorum
1015 2614 1150 2689 potens,
1167 2616 1218 2686 ut,
1231 2609 1352 2673 viden-

404 2707 498 2771 tibus
511 2726 575 2771 nec
594 2707 718 2770 mutire
742 2706 950 2770 audentibus
965 2706 1184 2784 adversariis,
1198 2708 1353 2789 pondera

403 2825 471 2870 sua
500 2807 660 2887 captivus
689 2806 776 2869 liber
806 2811 971 2887 asportet.
1023 2804 1082 2868 Ita
1111 2806 1218 2870 ducta
1242 2826 1353 2871 uxore

406 2906 480 2969 filia
502 2907 594 2987 regis
611 2906 836 2980 Francorum,
854 2904 1014 2967 etaltera
1031 2904 1211 2971 Tancredo
1233 2908 1352 2985 missa,

406 3006 545 3086 repetiit
581 3002 767 3087 Apuliam3
805 3002 1028 3084 sequentibus
1068 3022 1106 3066 se
1139 3004 1353 3071 Francorum

407 3104 617 3186 proceribus
634 3103 693 3184 qui
710 3122 772 3187 spe
789 3102 930 3186 majoris
948 3102 1117 3165 commodi
1128 3105 1278 3185 patriam
1292 3106 1352 3169 de·

407 3204 580 3279 serebant,
602 3203 704 3265 simul
728 3210 764 3265 et
786 3202 976 3284 spectaturi
1000 3202 1154 3265 cominus
1171 3203 1255 3284 quid
1272 3204 1354 3269 viva

406 3302 546 3366 virtutis
563 3302 695 3384 species
714 3300 875 3378 efficeret,
891 3320 995 3383 quam
1012 3307 1084 3364 tam
1100 3301 1246 3384 insignis
1260 3301 1354 3369 fama

405 3401 533 3484 ubique
555 3402 764 3483 loqueretur.
815 3400 942 3482 ltaque
966 3400 1037 3477 ille,
1060 3400 1238 3483 dispositis
1260 3404 1353 3486 apud

440 3639 567 3713 Maiam]
580 3645 609 3695 S.
617 3646 652 3695 D.
659 3646 707 3707 li.;
720 3646 799 3693 animi
806 3648 868 3695 mol·
889 3648 916 3696 in
927 3648 1025 3711 chains,
1035 3650 1068 3699 he
1079 3650 1170 3701 should
1181 3655 1353 3717 immediately

404 3715 468 3776 litie,
479 3715 510 3764 1..
890 3718 921 3766 be
937 3724 976 3766 set
999 3725 1026 3767 at
1041 3719 1141 3781 liberty.
1177 3724 1213 3771 At
1228 3725 1315 3787 length
1332 3728 1353 3775 it

440 3813 604 3881 ajukdu]
612 3816 869 3881 AGDAEdssfigatus,
889 3788 994 3906 palpitans?
1012 3788 1072 3838 God
1093 3795 1119 3839 to
1133 3791 1235 3871 'honour
1256 3794 1308 3843 him
1325 3800 1352 3844 to

405 3886 436 3937 S.
450 3887 480 3935 G.
490 3887 522 3936 1..
988 3873 1056 3921 gree,
1065 3859 1121 3908 that
1131 3860 1211 3922 rfany
1222 3878 1352 3923 personm

890 3927 1053 3976 continement
1077 3929 1188 3979 invoked
1206 3932 1246 3981 his
1267 3948 1351 3996 name,

440 3984 452 4018 ⁸
475 3988 520 4037 ltle
547 3994 645 4037 sanctas
673 3989 868 4040 admirerdorum
889 3994 930 4043 his
949 3995 1037 4045 chains
1055 3999 1227 4062 immediately
1243 4002 1288 4051 fell
1307 4005 1351 4067 off,

403 4053 868 4125 cimbrumpotear.]‘Leonardwas
890 4078 918 4111 so
941 4065 995 4114 that
1016 4066 1048 4115 hs
1078 4068 1160 4129 might
1179 4070 1280 4133 depart,
1307 4073 1350 4123 the

404 4126 868 4194 grandsontoClovislringolFranee,
889 4133 995 4195 keepers
1017 4136 1168 4186 themselves
1197 4140 1292 4203 haring
1318 4158 1352 4193 no

402 4196 454 4243 and
465 4197 593 4256 obtained,
603 4196 712 4260 through
724 4198 765 4246 the
777 4198 867 4248 favour
889 4217 975 4263 power
986 4209 1011 4253 to
1022 4212 1126 4266 prevent
1142 4207 1203 4258 him.
1220 4210 1286 4259 Vide
1303 4212 1354 4261 Su·

402 4265 433 4313 oi
447 4265 503 4313 that
518 4266 647 4328 monarch,
657 4267 723 4329 that,
731 4267 867 4318 wbenever
888 4273 1353 4346 rius,VitaeSanct.Nov.6.’(Sharpe,

403 4332 434 4383 he
454 4334 545 4383 should
563 4350 605 4383 see
622 4350 673 4397 any
683 4350 731 4386 one
742 4337 800 4386 who
811 4353 866 4389 was
888 4339 960 4407 471.)
