3142 5025
409 508 476 573 646
629 526 742 575 onsrn
767 526 894 575 ancum
919 526 1134 575 suenorum,
1220 512 1309 593 [mn.
1325 524 1361 570 v.

413 682 613 761 nominasti,
626 690 726 749 tanta
741 690 856 748 tecum
865 682 1080 748 imminentia
1091 681 1363 758 confovebimus,

416 790 457 847 ut
480 782 540 864 qui
565 788 600 846 te
619 784 675 847 vel
696 782 794 847 illum
816 784 945 848 laeserit
960 784 1157 848 Romanam
1183 780 1363 845 ecclesiam

417 881 577 949 videatur
599 881 742 947 laesisse.
794 884 927 948 Datum
952 882 1148 959 lateranis,
1178 901 1270 945 nono
1299 878 1363 943 lra-

419 981 540 1046 lendas
554 974 797 1047 ¹Decembris’

259 1094 409 1188 {ungamus
466 1080 483 1163 §
507 1079 1007 1147 415.‘Pascha1isanse1m0.
1058 1078 1291 1144 Suavissimas
1312 1078 1364 1142 di-

382 1171 388 1186 '
420 1180 578 1245 lectionis
590 1187 661 1245 tuae
678 1182 873 1264 accepimns
889 1180 1021 1256 literas,
1035 1178 1215 1243 charitatis
1231 1178 1366 1243 calamo

421 1280 582 1362 scriptas.
633 1281 678 1345 In
713 1281 767 1345 his
800 1280 1028 1345 reverentiam
1064 1278 1260 1343 devotionis
1294 1285 1365 1343 tuae

422 1378 702 1461 complectimur3
726 1386 761 1445 et
776 1380 1027 1462 perpendentes
1052 1378 1132 1441 fidei
1155 1365 1228 1442 tuae
1250 1378 1367 1453 robur,

423 1485 458 1544 et
473 1479 541 1560 piae
557 1479 801 1543 sollicitudinis
817 1478 1033 1555 instantiam,
1047 1478 1258 1554 exultamus,
1272 1477 1366 1558 quia,

423 1578 539 1660 gratia
556 1577 622 1644 Dei
645 1579 709 1642 tibi
728 1584 918 1660 praestante
941 1578 1125 1653 auxilinm,
1148 1583 1184 1640 te
1205 1596 1269 1655 nec
1286 1595 1366 1658 pro·

423 1676 530 1741 missa
553 1676 754 1754 sustollunt,
781 1696 845 1742 nec
870 1676 974 1740 minae
994 1676 1211 1742 concutiunt.
1261 1674 1369 1741 Dole-

423 1793 501 1839 mus
524 1783 639 1841 autem
656 1776 751 1858 quia,
766 1795 845 1840 cum
866 1775 991 1840 fratres
1013 1783 1150 1841 nostros
1174 1775 1368 1857 episcopos,

424 1876 560 1957 legatos
586 1876 677 1957 regis
697 1874 905 1957 Anglornm,
928 1876 1079 1957 benigne
1103 1875 1368 1956 susceperimus,

424 1994 503 2056 quae
521 1995 584 2039 nec
598 1974 749 2039 diximus
770 1975 827 2053 iis,
843 1994 907 2039 nec
927 1974 1171 2057 cogitavimus,
1187 1974 1369 2040 redeuntes

425 2074 469 2139 ad
482 2075 623 2157 propria
634 2076 835 2140 retulerunt.
889 2072 1095 2139 Audivimus
1108 2074 1199 2137 enim
1215 2093 1276 2138 eos
1292 2074 1370 2137 dix-

425 2174 505 2252 isse,
519 2175 613 2256 quia,
631 2175 661 2238 si
677 2194 740 2239 rex
751 2175 789 2239 in
805 2174 883 2239 aliis
898 2175 984 2238 bene
1000 2180 1132 2256 ageret,
1147 2193 1211 2237 nos
1225 2172 1368 2237 investi·

426 2280 523 2339 turas
548 2274 771 2339 ecclesiarum
794 2293 858 2339 nec
880 2273 1074 2356 prohibere,
1089 2292 1153 2337 nec
1174 2272 1285 2337 factas
1307 2292 1369 2336 ex·

424 2373 699 2453 communicare3
722 2381 758 2439 et
783 2372 876 2456 quod
902 2374 981 2437 ideo
1008 2373 1208 2437 nolebamus
1240 2372 1370 2445 chartae

427 2475 652 2552 committere,
667 2494 710 2539 ne
729 2474 794 2538 sub
810 2472 991 2539 occasione
1003 2491 1046 2537 ea
1059 2474 1176 2538 caeteri
1198 2470 1371 2555 principos

427 2575 464 2637 in
487 2593 549 2639 nos
571 2575 808 2639 inclamarent.
862 2572 963 2638 Unde
977 2571 1113 2649 Jesum,
1127 2572 1187 2655 qui
1208 2573 1314 2636 corda
1336 2579 1372 2636 et

427 2693 528 2738 renes
544 2680 731 2750 scrutatur,
744 2673 781 2737 in
797 2672 947 2737 animam
960 2679 1114 2739 nostram
1128 2679 1252 2736 testem
1272 2672 1372 2736 invo-

427 2791 558 2850 camuS,
574 2773 617 2851 si,
633 2793 679 2838 ex
694 2793 764 2856 quo
783 2772 888 2857 hujus
904 2778 1037 2837 sanctae
1053 2771 1145 2836 sedis
1161 2791 1279 2836 curam
1297 2789 1373 2835 sus-

427 2873 582 2954 cepimus
599 2891 729 2954 gerere,
746 2871 812 2938 hoc
828 2873 978 2936 immane
994 2871 1108 2936 scelus
1124 2871 1181 2936 vel
1193 2870 1372 2935 descendit

426 2971 463 3034 in
480 2971 653 3036 mentem!
705 2971 753 3034 Et
768 2972 871 3036 infra.
922 2970 982 3036 ‘Si
998 2990 1082 3053 ergo
1100 2968 1234 3052 virgam
1252 2978 1372 3052 pasto-

428 3069 577 3134 ralitatis
603 3071 752 3151 signum,
779 3071 810 3134 si
844 3071 1010 3136 annulum
1038 3070 1256 3152 signaculum
1282 3069 1372 3147 fidei,

428 3168 536 3234 tradit
562 3169 653 3234 laica
678 3189 814 3248 manus,
839 3171 924 3253 quid
948 3170 985 3234 in
1015 3171 1161 3237 ecclesia
1191 3169 1372 3251 pontifices

426 3270 562 3350 aguntl
607 3269 801 3352 Episcopos
817 3276 934 3335 autem
951 3271 1011 3352 qui
1026 3271 1208 3334 veritatem
1224 3269 1259 3331 in
1277 3288 1373 3332 men-

427 3368 564 3432 dacium
590 3375 858 3447 eommutarnnt,
882 3371 960 3453 ipsa
979 3369 1139 3446 veritate,
1167 3387 1247 3451 quae
1274 3368 1372 3433 Deus

428 3475 493 3546 est,
506 3468 543 3531 in
560 3469 709 3532 medium
726 3469 935 3545 introducta,
953 3489 974 3532 a
988 3469 1084 3532 beati
1099 3467 1197 3532 Petri
1211 3468 1324 3548 gratia
1337 3476 1373 3532 et

428 3586 450 3632 a
477 3575 596 3633 nostra
626 3569 793 3633 societate
823 3568 1033 3633 secernimus
1061 3568 1171 3632 donec
1202 3566 1372 3632 Romanae

427 3668 582 3752 ecclesiae
596 3667 825 3733 satisfaciant.
859 3667 1066 3750 Quicunque
1079 3687 1162 3732 vero
1176 3666 1269 3731 intra
1283 3687 1372 3748 prae-

427 3768 538 3834 dictas
557 3756 715 3832 inducias
728 3761 972 3832 ²investitnras
998 3767 1295 3836 consecrationum
1317 3786 1374 3832 ac·

460 4087 642 4152 ¹Decembrt's.]
659 4090 706 4140 See
717 4089 759 4138 the
775 4088 850 4137 letter
860 4088 887 4136 in
911 4086 954 4135 All
966 4086 1008 4136 the
1018 4086 1094 4137 MSS.
1102 4086 1164 4136 read
1175 4099 1212 4135 so.
1237 4085 1291 4134 The
1302 4085 1375 4134 letter

424 4160 543 4221 Eadmer,
553 4175 580 4221 p.
591 4163 632 4208 74.
911 4157 1009 4218 printed
1028 4157 1054 4204 in
1071 4157 1191 4218 Eadmer,
1201 4172 1228 4218 p.
1240 4160 1282 4214 72,
1298 4155 1374 4204 reads

911 4226 1006 4288 rightly
1022 4227 1212 4276 ‘investituram
1228 4226 1269 4276 vel
1286 4239 1373 4276 conse·

458 4294 642 4347 'Investiturus
660 4289 885 4364 consecrationum]
910 4297 1065 4348 canonem:
