3142 5025
200 527 335 608 mnu]
433 543 546 591 casus
570 543 697 592 uncum
721 544 933 592 succorum.
1084 526 1151 591 679

202 698 338 763 cederet
360 700 427 764 nisi
445 700 556 766 dulce.
609 702 790 782 Quantula
807 721 888 766 vero
910 707 1026 784 potest
1039 700 1149 764 videri

201 798 276 863 baec
300 799 376 883 ejus
403 800 583 865 laudatio?
637 801 775 881 Quotus
801 802 891 865 enim
920 802 1067 884 quisque
1093 806 1147 863 est

200 900 261 981 qui
277 900 334 963 vel
355 900 533 965 minimum
551 902 660 966 literis
682 904 836 967 imbutus
857 922 925 966 non
944 901 1032 964 alios
1055 898 1147 962 infra

200 998 406 1081 dignitatem
428 1019 527 1064 suam
548 1002 720 1085 opinetur,
736 1002 867 1066 tumido
882 1008 983 1083 gestu
997 1007 1032 1064 et
1049 1019 1147 1082 pom-

200 1099 316 1182 patico
341 1100 479 1164 incessu
503 1121 576 1183 prae
602 1121 640 1166 se
665 1102 777 1167 ferens
800 1101 1048 1165 conscientiam
1069 1099 1147 1162 lite·

201 1200 339 1263 rarum?
391 1198 641 1279 Veruntamen,
657 1221 701 1265 ne
716 1202 799 1285 quid
812 1199 1032 1284 perfectionis
1045 1217 1145 1262 sanc·

200 1304 246 1362 tec
272 1298 408 1364 deesset
434 1300 572 1378 animae,
588 1302 706 1365 multis
727 1301 786 1365 ille
813 1301 915 1364 annis
940 1300 1145 1382 grabbatum

200 1396 298 1475 fovit,
316 1400 451 1464 camino
469 1400 640 1467 diuturnae
655 1401 744 1466 tabis
766 1400 936 1464 medullas
952 1407 987 1464 et
1002 1406 1147 1482 peccata

201 1492 395 1563 ¹excoctus.

200 1687 247 1734 DE
283 1688 563 1738 TRANSLATIONE
600 1689 730 1738 SANGTI
774 1690 971 1749 curarum,
1014 1689 1060 1736 ET
1100 1688 1146 1735 ΠΕ

249 1788 388 1837 8ΑΝΟΤΑ
416 1790 690 1850 BTHELDRITHA,
713 1790 869 1849 QUORUM
892 1789 1060 1837 CORPORA
1091 1787 1147 1835 ΙΝ-

249 1887 370 1935 TEGRA
393 1889 553 1937 INVENTA
578 1888 685 1937 SUNT.

251 1995 268 2079 §
298 1996 374 2061 445.
413 1996 482 2061 Sed
509 1997 593 2079 quid
624 1996 667 2060 de
697 1995 825 2060 talibus
857 1994 983 2078 plural
1035 1995 1146 2061 Erant
1157 2012 1289 2104 Μαξί-

199 2114 340 2178 pmrsus
368 2105 451 2161 tunc
472 2096 509 2159 in
530 2095 662 2178 Anglia
684 2095 785 2159 multi
810 2095 956 2160 scientia
979 2095 1145 2172 illustres,
1270 2093 1274 2102 '

199 2195 363 2277 religione
377 2197 548 2275 celebres3
572 2214 720 2277 quorum
737 2195 848 2259 virtus
868 2214 909 2257 eo
923 2195 1145 2277 probabilior,

200 2314 281 2376 quo,
307 2296 423 2361 seculo
453 2301 666 2370 senescente,
691 2294 906 2358 constantior
930 2301 966 2358 et
991 2295 1144 2359 viridior.

201 2392 437 2460 laudabiliter
458 2394 567 2476 igitur
583 2393 733 2459 vivendo
755 2393 858 2458 fidem
884 2393 1070 2475 praeteritis
1092 2395 1144 2458 sa-

186 2494 335 2561 'ciebant
359 2494 525 2573 historiis
550 2515 593 2558 nc
609 2502 729 2560 vetera
749 2492 885 2577 possint
906 2491 1069 2558 salsitatis
1091 2514 1146 2558 ar-

199 2595 272 2676 gui,
298 2615 377 2659 cum
402 2614 571 2659 novorum
593 2595 752 2676 exemplo
774 2593 965 2676 probentur
991 2595 1146 2676 potuisse

199 2693 282 2758 fieri.
336 2694 431 2774 Quin
448 2695 552 2758 etiam
570 2695 600 2758 si
615 2695 674 2777 qui
691 2701 807 2758 essent
818 2693 1041 2757 ecclesiarum
1057 2715 1145 2777 prae-

199 2791 262 2856 lati
278 2794 337 2875 qui
352 2794 550 2857 viderentur
566 2794 610 2856 ab
635 2793 857 2876 antiquorum
882 2794 1069 2858 sanctitate
1086 2795 1145 2858 de·

201 2911 356 2973 generes,
373 2894 410 2956 in
429 2893 662 2957 mundialibus
686 2893 819 2956 scilicet
834 2891 1002 2971 efficaces,
1016 2894 1053 2957 in
1074 2895 1145 2977 spi-

148 3013 150 3016 ·
200 2990 383 3057 ritualibus
399 2993 557 3072 desides;
584 2993 685 3070 tales,
709 2993 862 3075 inquam,
885 2994 996 3075 siqui
1019 3003 1146 3072 essent,

200 3094 411 3175 sumptuosis
437 3093 592 3157 locorum
622 3093 770 3157 cultibus
795 3095 1010 3170 conabantur
1030 3102 1147 3159 errata

200 3193 414 3257 obumbrare.
468 3193 635 3275 Erigebat
658 3194 804 3276 quisque
829 3194 960 3277 templa
983 3194 1146 3271 recentia,

200 3300 467 3375 sanctorumque
481 3313 622 3356 suorum
638 3299 782 3374 argento
804 3299 840 3356 et
860 3311 945 3356 auro
966 3295 1148 3359 amiciebat

200 3411 357 3475 corpora,
391 3391 477 3456 nihil
504 3392 799 3475 praetermittendo
831 3391 1001 3457 charitate
1029 3412 1146 3477 sump-

199 3498 298 3555 tuum
312 3493 406 3576 quod
428 3491 472 3555 ad
495 3492 643 3574 gratiam
665 3492 776 3574 possit
794 3491 932 3555 allicere
955 3493 1073 3556 oculos
1094 3494 1148 3556 in·

200 3593 381 3657 tuentium.
435 3587 592 3670 Quorum
614 3598 668 3656 est
684 3589 883 3654 Rannulsus
907 3592 1065 3674 superius
1086 3612 1149 3656 no-

200 3691 363 3770 minatus,
377 3693 448 3774 qui,
464 3690 558 3774 apud
581 3691 793 3754 Dunelmum
817 3689 930 3753 factus
952 3693 1147 3773 episcopus,

200 3790 236 3853 in
253 3792 407 3856 aediliciis
421 3791 667 3855 monachorum
683 3790 796 3866 novis,
814 3797 849 3853 et
862 3790 956 3853 beati
966 3788 1148 3855 Gutbberti

201 3892 434 3969 veneratione,
449 3889 651 3955 nonnullam
668 3888 816 3971 gloriam
831 3887 961 3952 nomini
975 3908 1039 3954 suo
1055 3910 1148 3954 com·

201 3999 337 4055 mantus
352 3997 423 4056 est:
448 3991 547 4075 cujus
572 3990 699 4054 extulit
712 3989 841 4052 famam
857 3981 1004 4052 ²sacrati
1025 4009 1148 4073 corpo·
1162 4011 1217 4052 no.
1229 4011 1284 4051 un.

236 4262 245 4294 ¹
256 4265 401 4330 Excoctaa]
413 4267 447 4317 A.
457 4268 487 4318 G.
500 4268 535 4318 D.
547 4269 580 4319 Ε.
592 4269 663 4330 La.;
724 4265 866 4331 ”Samum
892 4266 925 4317 A.
938 4269 969 4318 G.
987 4268 1023 4318 D.
1035 4269 1068 4319 E.
1080 4270 1151 4330 La.;

201 4339 345 4398 excoctam,
357 4336 386 4387 S.
689 4339 819 4402 sanctini.

976 4429 1047 4474 2Y2
