3142 5025
417 507 505 572 498
655 527 769 574 cnsrn
792 525 920 573 ancon
943 524 1158 572 ancnonuu.
1239 510 1324 590 [nm.
1342 524 1390 573 rv.

438 684 609 766 baturque
636 685 774 748 tandem
805 685 927 758 bonor,
957 689 997 745 ut
1027 683 1078 745 ita
1108 681 1232 757 dicam,
1263 682 1387 761 nudus,

439 802 566 865 magno
593 791 709 848 tamen
735 769 883 865 emptus.
936 781 1027 845 Haec
1049 800 1091 844 eo
1114 780 1311 862 indigniora
1334 783 1386 847 vi-

439 881 620 961 debantur,
648 883 752 966 qnod,
779 891 931 964 tempore
958 881 1081 964 patris,
1100 889 1181 962 post
1208 881 1386 944 decessum

440 983 590 1065 episcopi
608 983 664 1047 vel
686 983 823 1046 abbatis
838 1001 957 1045 omnes
976 980 1129 1043 redditus
1151 981 1286 1061 integre
1309 1001 1386 1045 cus·

440 1081 671 1159 todiebantur,
688 1081 929 1146 substituendo
944 1080 1076 1162 pastori
1099 1080 1309 1161 resignandi,
1325 1081 1386 1144 eli-

439 1182 678 1264 gebanturque
700 1200 858 1266 personae
882 1179 1057 1260 religionis
1082 1180 1205 1243 merito
1229 1179 1385 1243 laudabi-

439 1280 489 1344 les
503 1301 512 1360 3
534 1288 571 1344 at
585 1300 679 1358 vero,
697 1281 854 1366 pauculis
871 1280 973 1342 annis
988 1278 1294 1356 intercedentibus,
1314 1301 1386 1344 om-

440 1381 499 1444 nia
519 1381 713 1444 immutata.
767 1379 896 1444 Nullus
913 1379 1011 1442 dives
1035 1378 1102 1441 nisi
1124 1379 1385 1457 nummularius,

440 1480 556 1543 nullus
581 1480 726 1544 clericus
750 1481 817 1542 nisi
839 1479 1046 1555 causidicus,
1068 1477 1184 1541 nullus
1206 1480 1387 1562 presbyter

439 1579 506 1642 nisi
521 1577 578 1664 (ut
594 1581 699 1643 verbo
714 1599 836 1662 parum
847 1577 974 1642 Latino
989 1573 1085 1662 utar)
1096 1577 1279 1641 firmarius.
1313 1579 1384 1643 Cu·

434 1677 632 1762 juscunque
656 1679 863 1743 conditionis
887 1676 1127 1753 homunculus,
1148 1677 1385 1761 cujuscunque

439 1777 592 1842 criminis
609 1798 700 1855 reue,
710 1779 829 1842 statim
843 1784 883 1840 ut
895 1777 939 1841 de
949 1777 1046 1841 lucro
1056 1777 1149 1858 regis
1163 1777 1385 1860 appellasset,

440 1877 667 1958 audiebatur;
702 1879 746 1942 ab
771 1877 857 1961 ipsis
883 1877 1029 1941 latronis
1053 1875 1210 1940 lancibus
1236 1877 1387 1942 resolve-

440 1977 544 2040 batur
561 1977 704 2059 laqueus
731 1979 762 2042 si
787 1977 1002 2059 promisisset
1020 1975 1137 2057 regale
1158 1977 1384 2041 commodum.

442 2068 581 2141 ¹Soluta
611 2077 753 2142 militari
775 2076 970 2160 disciplina,
1001 2075 1148 2139 curiales
1178 2077 1384 2141 rusticorum

441 2177 654 2241 substantias
676 2178 963 2260 depascebantur,
981 2176 1201 2239 insumebant
1217 2175 1386 2255 fortunae,

441 2294 463 2338 a
491 2277 608 2342 buccis
631 2278 835 2348 miserorum
859 2276 954 2340 cibos
982 2274 1232 2339 abstrahentes.
1284 2277 1385 2341 Tunc

441 2375 557 2440 fluxus
579 2377 736 2454 crinium,
758 2384 841 2440 tunc
869 2375 974 2439 luxus
996 2376 1157 2452 vestium,
1184 2382 1268 2440 tunc
1285 2370 1386 2442 ²usus

442 2475 635 2541 calceorum
661 2497 738 2541 cum
765 2476 916 2541 arcuatis
942 2474 1071 2540 aculeis
1092 2474 1273 2540 inventus:
1302 2477 1387 2542 mol-

441 2575 515 2641 litie
531 2578 684 2659 corporis
702 2584 836 2641 certare
852 2595 929 2641 cum
944 2575 1105 2653 foeminis,
1120 2595 1275 2657 gressum
1292 2577 1386 2640 fran-

441 2694 535 2756 gere,
558 2684 660 2759 gestn
677 2676 791 2740 soluto
810 2684 846 2740 et
866 2676 975 2739 latere
999 2675 1092 2738 nudo
1113 2676 1282 2752 incedere,
1303 2677 1387 2742 ado·

441 2774 643 2840 lescentium
685 2777 860 2859 specimen
886 2782 974 2839 erat.
1036 2774 1202 2851 Enerves,
1230 2777 1385 2854 emolliti,

441 2876 533 2957 qnod
544 2877 618 2940 nati
632 2874 881 2940 fuerantinviti
896 2875 1099 2952 manebant3
1117 2868 1388 2957 ³expugnatores

440 2975 563 3039 alienae
581 2976 769 3057 pudicitiae,
783 2974 920 3058 prodigi
936 2994 1017 3037 suae.
1070 2974 1311 3055 Sequebantur
1327 2996 1387 3040 cu-

440 3075 527 3137 riam
543 3074 831 3139 effoeminatorum
845 3094 969 3138 manus
991 3080 1027 3137 et
1042 3092 1229 3155 ganearum
1251 3095 1387 3158 greges,

441 3181 480 3237 ut
508 3194 577 3238 non
611 3181 738 3239 temere
769 3194 791 3238 a
817 3175 968 3257 quodam
994 3175 1151 3256 sapiente
1178 3174 1308 3238 dictum
1330 3177 1388 3254 sit,

440 3266 592 3337 ⁴l'elicem
606 3274 679 3339 fore
692 3274 857 3357 Angliam
873 3275 904 3337 si
919 3274 1093 3337 Henricns
1107 3282 1287 3356 regnaret3
1304 3277 1390 3340 talia

476 3471 484 3503 ¹
504 3474 591 3523 Solate
617 3475 722 3524 militari
743 3475 901 3539 disciplina]
928 3474 1046 3522 observes
1059 3471 1114 3520 thot
1131 3470 1173 3519 the
1189 3473 1242 3521 first
1257 3474 1392 3539 improver,

441 3543 564 3605 Compare
583 3545 701 3609 Endmer,
713 3546 783 3595 Hist.
795 3546 863 3596 Nov.
875 3561 901 3607 p.
928 3544 963 3604 by
981 3540 1078 3603 adding
1095 3541 1137 3589 the
1154 3541 1214 3604 long
1229 3544 1324 3592 curved
1341 3551 1390 3595 ter·

440 3618 482 3663 sl.
928 3613 1058 3672 mination,
1068 3625 1123 3659 was
1139 3625 1157 3658 a
1171 3611 1256 3660 tellow
1272 3612 1389 3677 (quidam

477 3681 566 3733 ’Um
576 3684 707 3733 edisseram
725 3700 780 3733 cam
795 3685 904 3733 menum
928 3678 1032 3745 nebulo)
1049 3682 1076 3729 in
1090 3679 1134 3730 the
1153 3688 1225 3729 court
1239 3682 1268 3730 of
1277 3684 1389 3734 william

440 3754 530 3803 eculeis
550 3754 683 3817 iuventus]
700 3754 797 3803 ‘These
821 3754 905 3815 choen,
930 3752 1022 3813 Rufus,
1032 3750 1123 3800 named
1139 3751 1251 3801 Robert!
1272 3751 1390 3818 (Shurpo‚

441 3823 525 3873 which
543 3838 606 3886 gave
623 3824 740 3873 occasion
752 3824 791 3872 lor
801 3824 904 3872 various
928 3838 955 3883 p.
967 3818 1037 3885 886.)

442 3894 590 3943 ordinances
610 3894 649 3943 tor
670 3894 736 3943 their
762 3893 903 3955 regulation
963 3889 1174 3954 'Expugaotorer
1223 3890 1294 3952 m]
1309 3893 1391 3945 Orde-

442 3977 471 4012 or
487 3964 608 4012 abolition
622 3963 715 4025 during
732 3963 831 4012 several
847 3977 905 4012 suc·
928 3961 997 4011 ricus
1003 3961 1096 4010 vitulis
1107 3975 1226 4010 censures
1234 3961 1276 4011 the
1285 3963 1391 4030 French,

442 4036 539 4082 cessive
567 4033 702 4094 centuriee‚
729 4048 772 4081 are
800 4033 857 4081 said
880 4037 905 4080 to
929 4031 979 4079 and
1006 4030 1171 4091 particularly
1194 4030 1237 4079 the
1265 4031 1391 4086 Norma'ns

400 4160 403 4167 .
442 4100 507 4151 have
534 4102 608 4151 owed
633 4102 698 4151 their
724 4102 852 4152 invention
879 4106 905 4149 to
929 4099 1010 4148 under
1027 4100 1106 4148 Duke
1124 4100 1227 4162 Robert,
1248 4100 1287 4150 lor
1304 4107 1391 4169 nearly

443 4171 511 4219 Fulk
530 4172 583 4219 earl
594 4172 623 4219 of
630 4172 725 4234 Anjou‚
744 4174 771 4220 in
788 4172 863 4220 order
880 4176 904 4219 to
930 4170 1026 4218 similar
1037 4171 1114 4218 vices.

442 4240 502 4289 hide
518 4240 559 4289 his
575 4240 710 4291 ill-formed
728 4240 905 4302 feet—Orde-
965 4235 1111 4289 ⁴Felicerm
1125 4272 1153 4289 ..
1171 4242 1346 4304 eamean]
1363 4247 1392 4298 S.

442 4311 511 4373 ricus
521 4310 624 4373 vitalis,
641 4326 668 4372 p.
688 4316 750 4371 682;
769 4311 829 4359 who
850 4311 905 4360 also
932 4310 962 4357 C.
982 4308 1018 4358 D.
1036 4309 1087 4369 E.;
1114 4309 1187 4357 curia
1204 4310 1272 4371 regis
1289 4313 1392 4377 Angliae
