<?xml version="1.0" encoding="UTF-8"?>
<!DOCTYPE html PUBLIC "-//W3C//DTD XHTML 1.0 Transitional//EN"
    "http://www.w3.org/TR/xhtml1/DTD/xhtml1-transitional.dtd">
<html xmlns="http://www.w3.org/1999/xhtml" xml:lang="en" lang="en">
 <head>
  <title>
</title>
<meta http-equiv="Content-Type" content="text/html;charset=utf-8" />
  <meta name='ocr-system' content='tesseract 3.04.00' />
  <meta name='ocr-capabilities' content='ocr_page ocr_carea ocr_par ocr_line ocrx_word'/>
</head>
<body>
  <div class='ocr_page' id='page_1' title='image "./willelmimalmesb01willgoog_0287.png"; bbox 0 0 3142 5025; ppageno 0'>
   <div class='ocr_carea' id='block_1_1' title="bbox 417 526 1368 611">
    <p class='ocr_par' dir='ltr' id='par_1_1' title="bbox 417 526 1368 611">
     <span class='ocr_line' id='line_1_1' title="bbox 417 526 1368 611; baseline -0.004 -18"><span class='ocrx_word' id='word_1_1' title='bbox 417 526 483 593; x_wconf 76' lang='lat'><strong>644</strong></span> <span class='ocrx_word' id='word_1_2' title='bbox 625 542 739 593; x_wconf 77' lang='lat' dir='ltr'><strong>onsrs</strong></span> <span class='ocrx_word' id='word_1_3' title='bbox 763 544 890 593; x_wconf 80' lang='lat' dir='ltr'><strong>nnouu</strong></span> <span class='ocrx_word' id='word_1_4' title='bbox 914 543 1129 593; x_wconf 74' lang='lat' dir='ltr'><strong>suenorum.</strong></span> <span class='ocrx_word' id='word_1_5' title='bbox 1229 530 1317 611; x_wconf 81' lang='lat' dir='ltr'><strong>[mn.</strong></span> <span class='ocrx_word' id='word_1_6' title='bbox 1335 544 1368 589; x_wconf 90' lang='lat' dir='ltr'><strong>v.</strong></span> 
     </span>
    </p>
   </div>
   <div class='ocr_carea' id='block_1_2' title="bbox 253 698 1423 4044">
    <p class='ocr_par' dir='ltr' id='par_1_2' title="bbox 417 698 1366 1376">
     <span class='ocr_line' id='line_1_2' title="bbox 418 698 1366 782; baseline 0 -18"><span class='ocrx_word' id='word_1_7' title='bbox 418 698 623 764; x_wconf 86' lang='lat' dir='ltr'><strong>Auselmum</strong></span> <span class='ocrx_word' id='word_1_8' title='bbox 644 698 939 782; x_wconf 89' lang='lat' dir='ltr'><strong>archiepiscopum</strong></span> <span class='ocrx_word' id='word_1_9' title='bbox 961 698 1121 778; x_wconf 86' lang='lat' dir='ltr'><strong>habitus;</strong></span> <span class='ocrx_word' id='word_1_10' title='bbox 1144 699 1207 764; x_wconf 85' lang='lat' dir='ltr'><strong>vix</strong></span> <span class='ocrx_word' id='word_1_11' title='bbox 1225 700 1366 764; x_wconf 85' lang='lat' dir='ltr'><strong>tandem</strong></span> 
     </span>
     <span class='ocr_line' id='line_1_3' title="bbox 418 797 1366 881; baseline 0 -18"><span class='ocrx_word' id='word_1_12' title='bbox 418 799 463 863; x_wconf 87' lang='lat' dir='ltr'><strong>ad</strong></span> <span class='ocrx_word' id='word_1_13' title='bbox 481 799 777 875; x_wconf 89' lang='lat' dir='ltr'><strong>consentiendum,</strong></span> <span class='ocrx_word' id='word_1_14' title='bbox 792 818 856 881; x_wconf 88' lang='lat' dir='ltr'><strong>pro</strong></span> <span class='ocrx_word' id='word_1_15' title='bbox 873 799 1006 881; x_wconf 79' lang='lat' dir='ltr'>ingenti</span> <span class='ocrx_word' id='word_1_16' title='bbox 1026 799 1092 862; x_wconf 90' lang='lat' dir='ltr'><strong>Dei</strong></span> <span class='ocrx_word' id='word_1_17' title='bbox 1112 797 1238 880; x_wconf 78' lang='lat' dir='ltr'><strong>gratia,</strong></span> <span class='ocrx_word' id='word_1_18' title='bbox 1253 799 1366 880; x_wconf 83' lang='lat' dir='ltr'><strong>inglo-</strong></span> 
     </span>
     <span class='ocr_line' id='line_1_4' title="bbox 417 896 1362 963; baseline 0 -2"><span class='ocrx_word' id='word_1_19' title='bbox 417 898 511 963; x_wconf 85' lang='lat' dir='ltr'><strong>riosa</strong></span> <span class='ocrx_word' id='word_1_20' title='bbox 537 897 580 961; x_wconf 90' lang='lat' dir='ltr'><strong>de</strong></span> <span class='ocrx_word' id='word_1_21' title='bbox 614 896 722 962; x_wconf 86' lang='lat' dir='ltr'><strong>fratre</strong></span> <span class='ocrx_word' id='word_1_22' title='bbox 753 897 901 962; x_wconf 85' lang='lat' dir='ltr'><strong>victoria</strong></span> <span class='ocrx_word' id='word_1_23' title='bbox 929 896 1091 962; x_wconf 87' lang='lat' dir='ltr'><strong>inflexus.</strong></span> <span class='ocrx_word' id='word_1_24' title='bbox 1143 898 1211 962; x_wconf 88' lang='lat' dir='ltr'><strong>Sed</strong></span> <span class='ocrx_word' id='word_1_25' title='bbox 1241 896 1362 961; x_wconf 85' lang='lat' dir='ltr'><strong>barum</strong></span> 
     </span>
     <span class='ocr_line' id='line_1_5' title="bbox 417 996 1365 1079; baseline 0.001 -18"><span class='ocrx_word' id='word_1_26' title='bbox 417 1015 599 1062; x_wconf 86' lang='lat' dir='ltr'><strong>causarum</strong></span> <span class='ocrx_word' id='word_1_27' title='bbox 621 1003 774 1061; x_wconf 91' lang='lat' dir='ltr'><strong>tenorem</strong></span> <span class='ocrx_word' id='word_1_28' title='bbox 798 996 908 1060; x_wconf 90' lang='lat' dir='ltr'><strong>multo</strong></span> <span class='ocrx_word' id='word_1_29' title='bbox 924 997 1107 1062; x_wconf 85' lang='lat' dir='ltr'><strong>verborum</strong></span> <span class='ocrx_word' id='word_1_30' title='bbox 1123 997 1270 1061; x_wconf 87' lang='lat' dir='ltr'><strong>circuitu</strong></span> <span class='ocrx_word' id='word_1_31' title='bbox 1292 998 1365 1079; x_wconf 83' lang='lat' dir='ltr'><strong>egit</strong></span> 
     </span>
     <span class='ocr_line' id='line_1_6' title="bbox 417 1088 1362 1177; baseline -0.001 -18"><span class='ocrx_word' id='word_1_32' title='bbox 417 1096 575 1160; x_wconf 89' lang='lat' dir='ltr'><strong>dominus</strong></span> <span class='ocrx_word' id='word_1_33' title='bbox 603 1088 812 1160; x_wconf 88' lang='lat' dir='ltr'><strong>¹Edmerus:</strong></span> <span class='ocrx_word' id='word_1_34' title='bbox 850 1113 926 1171; x_wconf 88' lang='lat' dir='ltr'><strong>nos,</strong></span> <span class='ocrx_word' id='word_1_35' title='bbox 956 1115 1019 1177; x_wconf 88' lang='lat' dir='ltr'><strong>pro</strong></span> <span class='ocrx_word' id='word_1_36' title='bbox 1050 1096 1204 1177; x_wconf 82' lang='lat' dir='ltr'><strong>pleniore</strong></span> <span class='ocrx_word' id='word_1_37' title='bbox 1226 1096 1362 1173; x_wconf 89' lang='lat' dir='ltr'><strong>notitia,</strong></span> 
     </span>
     <span class='ocr_line' id='line_1_7' title="bbox 417 1193 1362 1277; baseline 0.001 -19"><span class='ocrx_word' id='word_1_38' title='bbox 417 1193 599 1258; x_wconf 89' lang='lat' dir='ltr'><strong>Pascbalis</strong></span> <span class='ocrx_word' id='word_1_39' title='bbox 624 1213 718 1277; x_wconf 86' lang='lat' dir='ltr'><strong>saepe</strong></span> <span class='ocrx_word' id='word_1_40' title='bbox 740 1193 825 1259; x_wconf 85' lang='lat' dir='ltr'><strong>dicti</strong></span> <span class='ocrx_word' id='word_1_41' title='bbox 846 1194 1030 1276; x_wconf 89' lang='lat' dir='ltr'><strong>apostolici</strong></span> <span class='ocrx_word' id='word_1_42' title='bbox 1050 1194 1182 1277; x_wconf 87' lang='lat' dir='ltr'><strong>scripta</strong></span> <span class='ocrx_word' id='word_1_43' title='bbox 1203 1195 1248 1258; x_wconf 89' lang='lat' dir='ltr'><strong>ad</strong></span> <span class='ocrx_word' id='word_1_44' title='bbox 1272 1194 1362 1259; x_wconf 88' lang='lat' dir='ltr'><strong>banc</strong></span> 
     </span>
     <span class='ocr_line' id='line_1_8' title="bbox 417 1293 982 1376; baseline 0.004 -18"><span class='ocrx_word' id='word_1_45' title='bbox 417 1314 489 1358; x_wconf 87' lang='lat' dir='ltr'><strong>rem</strong></span> <span class='ocrx_word' id='word_1_46' title='bbox 502 1293 713 1376; x_wconf 80' lang='lat' dir='ltr'><strong>pertinentia</strong></span> <span class='ocrx_word' id='word_1_47' title='bbox 728 1294 982 1360; x_wconf 82' lang='lat' dir='ltr'><strong>subnectemus.</strong></span> 
     </span>
    </p>

    <p class='ocr_par' dir='ltr' id='par_1_3' title="bbox 253 1390 1362 1476">
     <span class='ocr_line' id='line_1_9' title="bbox 253 1390 1362 1476; baseline 0 -21"><span class='ocrx_word' id='word_1_48' title='bbox 253 1411 388 1455; x_wconf 72' lang='lat' dir='ltr'><strong>nomme</strong></span> <span class='ocrx_word' id='word_1_49' title='bbox 468 1392 576 1476; x_wconf 68' lang='lat'>5414.</span> <span class='ocrx_word' id='word_1_50' title='bbox 600 1391 804 1457; x_wconf 88' lang='lat' dir='ltr'><strong>‘Pascbalis</strong></span> <span class='ocrx_word' id='word_1_51' title='bbox 826 1393 1008 1474; x_wconf 89' lang='lat' dir='ltr'><strong>episcopus</strong></span> <span class='ocrx_word' id='word_1_52' title='bbox 1033 1390 1189 1455; x_wconf 90' lang='lat' dir='ltr'><strong>Henrico</strong></span> <span class='ocrx_word' id='word_1_53' title='bbox 1212 1392 1287 1473; x_wconf 80' lang='lat' dir='ltr'><strong>regi</strong></span> <span class='ocrx_word' id='word_1_54' title='bbox 1308 1410 1362 1455; x_wconf 86' lang='lat' dir='ltr'><strong>sa-</strong></span> 
     </span>
    </p>

    <p class='ocr_par' dir='ltr' id='par_1_4' title="bbox 253 1462 1363 1574">
     <span class='ocr_line' id='line_1_10' title="bbox 253 1462 1363 1574; baseline 0 -21"><span class='ocrx_word' id='word_1_55' title='bbox 253 1462 534 1556; x_wconf 51' lang='lat' dir='ltr'><strong>ludwicum.</strong></span> <span class='ocrx_word' id='word_1_56' title='bbox 587 1490 631 1555; x_wconf 95' lang='lat' dir='ltr'><strong>In</strong></span> <span class='ocrx_word' id='word_1_57' title='bbox 653 1491 762 1556; x_wconf 88' lang='lat' dir='ltr'><strong>literis</strong></span> <span class='ocrx_word' id='word_1_58' title='bbox 781 1509 870 1574; x_wconf 87' lang='lat' dir='ltr'><strong>quas</strong></span> <span class='ocrx_word' id='word_1_59' title='bbox 891 1510 1003 1573; x_wconf 87' lang='lat' dir='ltr'><strong>nuper</strong></span> <span class='ocrx_word' id='word_1_60' title='bbox 1023 1490 1067 1553; x_wconf 89' lang='lat' dir='ltr'><strong>ad</strong></span> <span class='ocrx_word' id='word_1_61' title='bbox 1089 1508 1153 1555; x_wconf 90' lang='lat' dir='ltr'><strong>nos</strong></span> <span class='ocrx_word' id='word_1_62' title='bbox 1175 1510 1237 1572; x_wconf 88' lang='lat' dir='ltr'><strong>per</strong></span> <span class='ocrx_word' id='word_1_63' title='bbox 1261 1490 1363 1554; x_wconf 87' lang='lat' dir='ltr'><strong>fami-</strong></span> 
     </span>
    </p>

    <p class='ocr_par' dir='ltr' id='par_1_5' title="bbox 253 1566 1423 4044">
     <span class='ocr_line' id='line_1_11' title="bbox 253 1566 1361 1669; baseline -0.002 -14"><span class='ocrx_word' id='word_1_64' title='bbox 253 1566 319 1603; x_wconf 55' lang='grc' dir='ltr'><strong>’ω’</strong></span> <span class='ocrx_word' id='word_1_65' title='bbox 415 1590 535 1655; x_wconf 88' lang='lat' dir='ltr'><strong>liarem</strong></span> <span class='ocrx_word' id='word_1_66' title='bbox 557 1597 666 1669; x_wconf 89' lang='lat' dir='ltr'><strong>tuum,</strong></span> <span class='ocrx_word' id='word_1_67' title='bbox 691 1597 821 1666; x_wconf 73' lang='lat' dir='ltr'><strong>nostrae</strong></span> <span class='ocrx_word' id='word_1_68' title='bbox 845 1589 1037 1653; x_wconf 86' lang='lat' dir='ltr'><strong>dilectionis</strong></span> <span class='ocrx_word' id='word_1_69' title='bbox 1056 1588 1177 1666; x_wconf 85' lang='lat' dir='ltr'><strong>tilium,</strong></span> <span class='ocrx_word' id='word_1_70' title='bbox 1199 1588 1361 1653; x_wconf 88' lang='lat' dir='ltr'><strong>clericum</strong></span> 
     </span>
     <span class='ocr_line' id='line_1_12' title="bbox 415 1688 1362 1770; baseline -0.002 -17"><span class='ocrx_word' id='word_1_71' title='bbox 415 1688 629 1753; x_wconf 90' lang='lat' dir='ltr'><strong>Willelmum</strong></span> <span class='ocrx_word' id='word_1_72' title='bbox 650 1689 885 1765; x_wconf 83' lang='lat' dir='ltr'><strong>transmisisti,</strong></span> <span class='ocrx_word' id='word_1_73' title='bbox 915 1695 950 1752; x_wconf 90' lang='lat' dir='ltr'><strong>et</strong></span> <span class='ocrx_word' id='word_1_74' title='bbox 974 1706 1132 1770; x_wconf 83' lang='lat' dir='ltr'><strong>personae</strong></span> <span class='ocrx_word' id='word_1_75' title='bbox 1156 1695 1227 1752; x_wconf 85' lang='lat' dir='ltr'><strong>tuae</strong></span> <span class='ocrx_word' id='word_1_76' title='bbox 1251 1689 1362 1770; x_wconf 88' lang='lat' dir='ltr'><strong>sospi-</strong></span> 
     </span>
     <span class='ocr_line' id='line_1_13' title="bbox 415 1788 1362 1869; baseline -0.002 -16"><span class='ocrx_word' id='word_1_77' title='bbox 415 1794 523 1853; x_wconf 83' lang='lat' dir='ltr'><strong>tatem</strong></span> <span class='ocrx_word' id='word_1_78' title='bbox 547 1788 786 1869; x_wconf 80' lang='lat' dir='ltr'><strong>cognovimus,</strong></span> <span class='ocrx_word' id='word_1_79' title='bbox 812 1794 848 1852; x_wconf 89' lang='lat' dir='ltr'><strong>et</strong></span> <span class='ocrx_word' id='word_1_80' title='bbox 871 1805 1051 1851; x_wconf 86' lang='lat' dir='ltr'><strong>successus</strong></span> <span class='ocrx_word' id='word_1_81' title='bbox 1070 1806 1254 1869; x_wconf 89' lang='lat' dir='ltr'><strong>prosperos</strong></span> <span class='ocrx_word' id='word_1_82' title='bbox 1273 1806 1362 1869; x_wconf 87' lang='lat' dir='ltr'><strong>quos</strong></span> 
     </span>
     <span class='ocr_line' id='line_1_14' title="bbox 416 1886 1360 1969; baseline -0.002 -18"><span class='ocrx_word' id='word_1_83' title='bbox 416 1886 490 1965; x_wconf 91' lang='lat' dir='ltr'><strong>tibi,</strong></span> <span class='ocrx_word' id='word_1_84' title='bbox 515 1887 687 1969; x_wconf 88' lang='lat' dir='ltr'><strong>superatis</strong></span> <span class='ocrx_word' id='word_1_85' title='bbox 715 1886 814 1968; x_wconf 83' lang='lat' dir='ltr'><strong>regni</strong></span> <span class='ocrx_word' id='word_1_86' title='bbox 843 1886 1062 1962; x_wconf 88' lang='lat' dir='ltr'><strong>adversariis,</strong></span> <span class='ocrx_word' id='word_1_87' title='bbox 1087 1886 1282 1968; x_wconf 76' lang='lat' dir='ltr'><strong>benignitas</strong></span> <span class='ocrx_word' id='word_1_88' title='bbox 1308 1886 1360 1949; x_wconf 91' lang='lat' dir='ltr'><strong>di·</strong></span> 
     </span>
     <span class='ocr_line' id='line_1_15' title="bbox 414 1985 1361 2066; baseline 0.001 -16"><span class='ocrx_word' id='word_1_89' title='bbox 414 1986 497 2050; x_wconf 85' lang='lat' dir='ltr'><strong>vina</strong></span> <span class='ocrx_word' id='word_1_90' title='bbox 517 1986 706 2050; x_wconf 85' lang='lat' dir='ltr'><strong>concessit:</strong></span> <span class='ocrx_word' id='word_1_91' title='bbox 730 1985 925 2049; x_wconf 87' lang='lat' dir='ltr'><strong>audivimus</strong></span> <span class='ocrx_word' id='word_1_92' title='bbox 947 1991 1116 2066; x_wconf 80' lang='lat' dir='ltr'><strong>praeterea</strong></span> <span class='ocrx_word' id='word_1_93' title='bbox 1137 1992 1294 2066; x_wconf 85' lang='lat' dir='ltr'><strong>optatam</strong></span> <span class='ocrx_word' id='word_1_94' title='bbox 1308 1985 1361 2051; x_wconf 83' lang='lat' dir='ltr'><strong>vi·</strong></span> 
     </span>
     <span class='ocr_line' id='line_1_16' title="bbox 413 2083 1359 2168; baseline 0.001 -21"><span class='ocrx_word' id='word_1_95' title='bbox 413 2084 512 2148; x_wconf 88' lang='lat' dir='ltr'><strong>rilem</strong></span> <span class='ocrx_word' id='word_1_96' title='bbox 528 2084 681 2149; x_wconf 91' lang='lat' dir='ltr'><strong>sobolem</strong></span> <span class='ocrx_word' id='word_1_97' title='bbox 697 2103 742 2147; x_wconf 87' lang='lat' dir='ltr'><strong>ex</strong></span> <span class='ocrx_word' id='word_1_98' title='bbox 758 2084 912 2165; x_wconf 77' lang='lat' dir='ltr'><strong>ingenua</strong></span> <span class='ocrx_word' id='word_1_99' title='bbox 929 2090 965 2147; x_wconf 89' lang='lat' dir='ltr'><strong>te</strong></span> <span class='ocrx_word' id='word_1_100' title='bbox 981 2090 1016 2147; x_wconf 91' lang='lat' dir='ltr'><strong>et</strong></span> <span class='ocrx_word' id='word_1_101' title='bbox 1033 2084 1197 2165; x_wconf 76' lang='lat' dir='ltr'><strong>religiosa</strong></span> <span class='ocrx_word' id='word_1_102' title='bbox 1211 2083 1359 2168; x_wconf 79' lang='lat' dir='ltr'><strong>conjuge</strong></span> 
     </span>
     <span class='ocr_line' id='line_1_17' title="bbox 413 2182 1360 2266; baseline 0.001 -19"><span class='ocrx_word' id='word_1_103' title='bbox 413 2183 617 2266; x_wconf 87' lang='lat' dir='ltr'><strong>suscepisse.</strong></span> <span class='ocrx_word' id='word_1_104' title='bbox 651 2182 755 2261; x_wconf 85' lang='lat' dir='ltr'><strong>Quod</strong></span> <span class='ocrx_word' id='word_1_105' title='bbox 770 2182 926 2266; x_wconf 84' lang='lat' dir='ltr'><strong>profecto</strong></span> <span class='ocrx_word' id='word_1_106' title='bbox 941 2202 1021 2246; x_wconf 90' lang='lat' dir='ltr'><strong>cum</strong></span> <span class='ocrx_word' id='word_1_107' title='bbox 1038 2202 1102 2246; x_wconf 88' lang='lat' dir='ltr'><strong>nos</strong></span> <span class='ocrx_word' id='word_1_108' title='bbox 1117 2182 1360 2261; x_wconf 85' lang='lat' dir='ltr'><strong>laetificaverit,</strong></span> 
     </span>
     <span class='ocr_line' id='line_1_18' title="bbox 413 2281 1359 2364; baseline 0.002 -19"><span class='ocrx_word' id='word_1_109' title='bbox 413 2290 622 2364; x_wconf 90' lang='lat' dir='ltr'><strong>oportunum</strong></span> <span class='ocrx_word' id='word_1_110' title='bbox 636 2283 704 2347; x_wconf 87' lang='lat' dir='ltr'><strong>rati</strong></span> <span class='ocrx_word' id='word_1_111' title='bbox 719 2300 840 2345; x_wconf 91' lang='lat' dir='ltr'><strong>snmus</strong></span> <span class='ocrx_word' id='word_1_112' title='bbox 860 2300 951 2346; x_wconf 91' lang='lat' dir='ltr'><strong>nunc</strong></span> <span class='ocrx_word' id='word_1_113' title='bbox 968 2281 1031 2345; x_wconf 89' lang='lat' dir='ltr'><strong>tibi</strong></span> <span class='ocrx_word' id='word_1_114' title='bbox 1045 2289 1222 2364; x_wconf 85' lang='lat' dir='ltr'><strong>praecepta</strong></span> <span class='ocrx_word' id='word_1_115' title='bbox 1246 2288 1283 2346; x_wconf 96' lang='lat' dir='ltr'><strong>et</strong></span> <span class='ocrx_word' id='word_1_116' title='bbox 1297 2302 1359 2347; x_wconf 83' lang='lat' dir='ltr'><strong>vo·</strong></span> 
     </span>
     <span class='ocr_line' id='line_1_19' title="bbox 411 2379 1356 2473; baseline 0 -28"><span class='ocrx_word' id='word_1_117' title='bbox 411 2382 580 2446; x_wconf 90' lang='lat' dir='ltr'><strong>luntatem</strong></span> <span class='ocrx_word' id='word_1_118' title='bbox 596 2380 663 2446; x_wconf 91' lang='lat' dir='ltr'><strong>Dei</strong></span> <span class='ocrx_word' id='word_1_119' title='bbox 678 2381 827 2446; x_wconf 84' lang='lat' dir='ltr'><strong>validius</strong></span> <span class='ocrx_word' id='word_1_120' title='bbox 841 2380 1026 2457; x_wconf 90' lang='lat' dir='ltr'><strong>inculcare,</strong></span> <span class='ocrx_word' id='word_1_121' title='bbox 1037 2399 1116 2444; x_wconf 90' lang='lat' dir='ltr'><strong>cum</strong></span> <span class='ocrx_word' id='word_1_122' title='bbox 1130 2379 1356 2473; x_wconf 85' lang='lat' dir='ltr'><strong>amplioribus</strong></span> 
     </span>
     <span class='ocr_line' id='line_1_20' title="bbox 411 2478 1423 2564; baseline 0.004 -19"><span class='ocrx_word' id='word_1_123' title='bbox 411 2480 584 2546; x_wconf 88' lang='lat' dir='ltr'><strong>benefieiis</strong></span> <span class='ocrx_word' id='word_1_124' title='bbox 601 2478 808 2563; x_wconf 80' lang='lat' dir='ltr'><strong>benignitati</strong></span> <span class='ocrx_word' id='word_1_125' title='bbox 824 2478 900 2564; x_wconf 90' lang='lat' dir='ltr'><strong>ejus</strong></span> <span class='ocrx_word' id='word_1_126' title='bbox 916 2487 951 2545; x_wconf 91' lang='lat' dir='ltr'><strong>te</strong></span> <span class='ocrx_word' id='word_1_127' title='bbox 968 2479 1138 2564; x_wconf 89' lang='lat' dir='ltr'><strong>prospicis</strong></span> <span class='ocrx_word' id='word_1_128' title='bbox 1153 2479 1355 2563; x_wconf 78' lang='lat' dir='ltr'><strong>debitorem.</strong></span> <span class='ocrx_word' id='word_1_129' title='bbox 1419 2541 1423 2550; x_wconf 88' lang='lat'>.</span> 
     </span>
     <span class='ocr_line' id='line_1_21' title="bbox 412 2579 1357 2663; baseline 0.001 -20"><span class='ocrx_word' id='word_1_130' title='bbox 412 2579 489 2645; x_wconf 93' lang='lat' dir='ltr'><strong>Nos</strong></span> <span class='ocrx_word' id='word_1_131' title='bbox 505 2599 641 2663; x_wconf 89' lang='lat' dir='ltr'><strong>quoque</strong></span> <span class='ocrx_word' id='word_1_132' title='bbox 656 2580 783 2644; x_wconf 88' lang='lat' dir='ltr'><strong>divinis</strong></span> <span class='ocrx_word' id='word_1_133' title='bbox 804 2579 980 2643; x_wconf 85' lang='lat' dir='ltr'><strong>beneficiis</strong></span> <span class='ocrx_word' id='word_1_134' title='bbox 1004 2579 1253 2661; x_wconf 77' lang='lat' dir='ltr'><strong>benignitatem</strong></span> <span class='ocrx_word' id='word_1_135' title='bbox 1280 2599 1357 2644; x_wconf 91' lang='lat' dir='ltr'><strong>nos-</strong></span> 
     </span>
     <span class='ocr_line' id='line_1_22' title="bbox 410 2677 1355 2761; baseline -0.001 -17"><span class='ocrx_word' id='word_1_136' title='bbox 410 2685 501 2744; x_wconf 87' lang='lat' dir='ltr'><strong>tram</strong></span> <span class='ocrx_word' id='word_1_137' title='bbox 517 2698 622 2761; x_wconf 89' lang='lat' dir='ltr'><strong>penes</strong></span> <span class='ocrx_word' id='word_1_138' title='bbox 636 2687 671 2744; x_wconf 91' lang='lat' dir='ltr'><strong>te</strong></span> <span class='ocrx_word' id='word_1_139' title='bbox 686 2679 821 2742; x_wconf 87' lang='lat' dir='ltr'><strong>sociare</strong></span> <span class='ocrx_word' id='word_1_140' title='bbox 836 2685 1016 2761; x_wconf 87' lang='lat' dir='ltr'><strong>optamus;</strong></span> <span class='ocrx_word' id='word_1_141' title='bbox 1040 2677 1102 2742; x_wconf 87' lang='lat' dir='ltr'><strong>sed</strong></span> <span class='ocrx_word' id='word_1_142' title='bbox 1126 2697 1232 2759; x_wconf 74' lang='lat' dir='ltr'><strong>grave</strong></span> <span class='ocrx_word' id='word_1_143' title='bbox 1255 2680 1355 2743; x_wconf 90' lang='lat' dir='ltr'><strong>nobis</strong></span> 
     </span>
     <span class='ocr_line' id='line_1_23' title="bbox 411 2770 1356 2860; baseline 0 -18"><span class='ocrx_word' id='word_1_144' title='bbox 411 2785 476 2854; x_wconf 89' lang='lat' dir='ltr'><strong>est,</strong></span> <span class='ocrx_word' id='word_1_145' title='bbox 498 2777 580 2860; x_wconf 89' lang='lat' dir='ltr'><strong>qnia</strong></span> <span class='ocrx_word' id='word_1_146' title='bbox 602 2778 637 2842; x_wconf 92' lang='lat' dir='ltr'><strong>id</strong></span> <span class='ocrx_word' id='word_1_147' title='bbox 659 2797 681 2841; x_wconf 90' lang='lat' dir='ltr'><strong>a</strong></span> <span class='ocrx_word' id='word_1_148' title='bbox 701 2778 800 2843; x_wconf 91' lang='lat' dir='ltr'><strong>nobis</strong></span> <span class='ocrx_word' id='word_1_149' title='bbox 816 2777 942 2842; x_wconf 88' lang='lat' dir='ltr'><strong>videris</strong></span> <span class='ocrx_word' id='word_1_150' title='bbox 959 2784 1122 2860; x_wconf 87' lang='lat' dir='ltr'><strong>expetere</strong></span> <span class='ocrx_word' id='word_1_151' title='bbox 1138 2770 1249 2859; x_wconf 80' lang='lat' dir='ltr'><strong>’quod</strong></span> <span class='ocrx_word' id='word_1_152' title='bbox 1266 2797 1356 2860; x_wconf 86' lang='lat' dir='ltr'><strong>prae·</strong></span> 
     </span>
     <span class='ocr_line' id='line_1_24' title="bbox 411 2876 1357 2960; baseline 0 -19"><span class='ocrx_word' id='word_1_153' title='bbox 411 2883 505 2941; x_wconf 88' lang='lat' dir='ltr'><strong>stare</strong></span> <span class='ocrx_word' id='word_1_154' title='bbox 521 2897 591 2941; x_wconf 93' lang='lat' dir='ltr'><strong>non</strong></span> <span class='ocrx_word' id='word_1_155' title='bbox 606 2895 802 2960; x_wconf 89' lang='lat' dir='ltr'><strong>possumus.</strong></span> <span class='ocrx_word' id='word_1_156' title='bbox 853 2876 891 2940; x_wconf 89' lang='lat' dir='ltr'><strong>Si</strong></span> <span class='ocrx_word' id='word_1_157' title='bbox 913 2876 1004 2941; x_wconf 90' lang='lat' dir='ltr'><strong>enim</strong></span> <span class='ocrx_word' id='word_1_158' title='bbox 1018 2877 1272 2941; x_wconf 86' lang='lat' dir='ltr'><strong>consentiamus</strong></span> <span class='ocrx_word' id='word_1_159' title='bbox 1295 2883 1357 2941; x_wconf 90' lang='lat' dir='ltr'><strong>aut</strong></span> 
     </span>
     <span class='ocr_line' id='line_1_25' title="bbox 411 2974 1357 3057; baseline 0.001 -18"><span class='ocrx_word' id='word_1_160' title='bbox 411 2976 584 3057; x_wconf 87' lang='lat' dir='ltr'><strong>patiamur</strong></span> <span class='ocrx_word' id='word_1_161' title='bbox 608 2975 833 3040; x_wconf 88' lang='lat' dir='ltr'><strong>investituras</strong></span> <span class='ocrx_word' id='word_1_162' title='bbox 856 2995 878 3039; x_wconf 91' lang='lat' dir='ltr'><strong>a</strong></span> <span class='ocrx_word' id='word_1_163' title='bbox 900 2982 963 3039; x_wconf 86' lang='lat' dir='ltr'><strong>tna</strong></span> <span class='ocrx_word' id='word_1_164' title='bbox 985 2974 1193 3039; x_wconf 81' lang='lat' dir='ltr'><strong>excellentia</strong></span> <span class='ocrx_word' id='word_1_165' title='bbox 1220 2975 1306 3052; x_wconf 87' lang='lat' dir='ltr'><strong>lieri,</strong></span> <span class='ocrx_word' id='word_1_166' title='bbox 1320 2983 1357 3040; x_wconf 92' lang='lat' dir='ltr'><strong>et</strong></span> 
     </span>
     <span class='ocr_line' id='line_1_26' title="bbox 412 3073 1356 3156; baseline 0.002 -20"><span class='ocrx_word' id='word_1_167' title='bbox 412 3080 567 3138; x_wconf 88' lang='lat' dir='ltr'><strong>nostrum</strong></span> <span class='ocrx_word' id='word_1_168' title='bbox 583 3073 808 3156; x_wconf 88' lang='lat' dir='ltr'><strong>proculdubio</strong></span> <span class='ocrx_word' id='word_1_169' title='bbox 831 3081 867 3138; x_wconf 90' lang='lat' dir='ltr'><strong>et</strong></span> <span class='ocrx_word' id='word_1_170' title='bbox 886 3080 985 3138; x_wconf 90' lang='lat' dir='ltr'><strong>tuum</strong></span> <span class='ocrx_word' id='word_1_171' title='bbox 1007 3073 1074 3138; x_wconf 90' lang='lat' dir='ltr'><strong>erit</strong></span> <span class='ocrx_word' id='word_1_172' title='bbox 1096 3074 1244 3137; x_wconf 90' lang='lat' dir='ltr'><strong>immane</strong></span> <span class='ocrx_word' id='word_1_173' title='bbox 1266 3075 1356 3156; x_wconf 89' lang='lat' dir='ltr'><strong>peri·</strong></span> 
     </span>
     <span class='ocr_line' id='line_1_27' title="bbox 411 3171 1355 3256; baseline 0 -20"><span class='ocrx_word' id='word_1_174' title='bbox 411 3171 537 3236; x_wconf 90' lang='lat' dir='ltr'><strong>culum.</strong></span> <span class='ocrx_word' id='word_1_175' title='bbox 590 3171 671 3250; x_wconf 86' lang='lat' dir='ltr'><strong>Qua</strong></span> <span class='ocrx_word' id='word_1_176' title='bbox 685 3173 720 3235; x_wconf 91' lang='lat' dir='ltr'><strong>in</strong></span> <span class='ocrx_word' id='word_1_177' title='bbox 740 3193 777 3236; x_wconf 88' lang='lat' dir='ltr'><strong>re</strong></span> <span class='ocrx_word' id='word_1_178' title='bbox 800 3172 1026 3256; x_wconf 88' lang='lat' dir='ltr'><strong>contemplari</strong></span> <span class='ocrx_word' id='word_1_179' title='bbox 1043 3179 1079 3236; x_wconf 91' lang='lat' dir='ltr'><strong>te</strong></span> <span class='ocrx_word' id='word_1_180' title='bbox 1095 3172 1256 3238; x_wconf 85' lang='lat' dir='ltr'><strong>volumus</strong></span> <span class='ocrx_word' id='word_1_181' title='bbox 1273 3173 1355 3254; x_wconf 90' lang='lat' dir='ltr'><strong>quid</strong></span> 
     </span>
     <span class='ocr_line' id='line_1_28' title="bbox 411 3271 1354 3354; baseline 0.003 -20"><span class='ocrx_word' id='word_1_182' title='bbox 411 3277 473 3334; x_wconf 85' lang='lat' dir='ltr'><strong>aut</strong></span> <span class='ocrx_word' id='word_1_183' title='bbox 489 3290 557 3338; x_wconf 90' lang='lat' dir='ltr'><strong>non</strong></span> <span class='ocrx_word' id='word_1_184' title='bbox 573 3271 730 3336; x_wconf 85' lang='lat' dir='ltr'><strong>faciendo</strong></span> <span class='ocrx_word' id='word_1_185' title='bbox 748 3272 885 3354; x_wconf 85' lang='lat' dir='ltr'><strong>perdas,</strong></span> <span class='ocrx_word' id='word_1_186' title='bbox 901 3278 962 3336; x_wconf 90' lang='lat' dir='ltr'><strong>aut</strong></span> <span class='ocrx_word' id='word_1_187' title='bbox 979 3271 1136 3335; x_wconf 84' lang='lat' dir='ltr'><strong>faciendo</strong></span> <span class='ocrx_word' id='word_1_188' title='bbox 1150 3271 1354 3353; x_wconf 86' lang='lat' dir='ltr'><strong>conquiras:</strong></span> 
     </span>
     <span class='ocr_line' id='line_1_29' title="bbox 411 3369 1356 3453; baseline 0.002 -21"><span class='ocrx_word' id='word_1_189' title='bbox 411 3389 473 3433; x_wconf 92' lang='lat' dir='ltr'><strong>nos</strong></span> <span class='ocrx_word' id='word_1_190' title='bbox 487 3369 578 3433; x_wconf 90' lang='lat' dir='ltr'><strong>enim</strong></span> <span class='ocrx_word' id='word_1_191' title='bbox 593 3370 629 3434; x_wconf 94' lang='lat' dir='ltr'><strong>in</strong></span> <span class='ocrx_word' id='word_1_192' title='bbox 643 3370 874 3453; x_wconf 88' lang='lat' dir='ltr'><strong>prohibitione</strong></span> <span class='ocrx_word' id='word_1_193' title='bbox 893 3369 959 3434; x_wconf 89' lang='lat' dir='ltr'><strong>hac</strong></span> <span class='ocrx_word' id='word_1_194' title='bbox 977 3369 1062 3433; x_wconf 89' lang='lat' dir='ltr'><strong>nibil</strong></span> <span class='ocrx_word' id='word_1_195' title='bbox 1077 3369 1224 3452; x_wconf 89' lang='lat' dir='ltr'><strong>amplius</strong></span> <span class='ocrx_word' id='word_1_196' title='bbox 1238 3371 1356 3434; x_wconf 92' lang='lat' dir='ltr'><strong>obedi·</strong></span> 
     </span>
     <span class='ocr_line' id='line_1_30' title="bbox 410 3468 1357 3550; baseline 0.001 -18"><span class='ocrx_word' id='word_1_197' title='bbox 410 3468 523 3546; x_wconf 76' lang='lat' dir='ltr'><strong>entiae,</strong></span> <span class='ocrx_word' id='word_1_198' title='bbox 546 3468 630 3532; x_wconf 89' lang='lat' dir='ltr'><strong>nihil</strong></span> <span class='ocrx_word' id='word_1_199' title='bbox 653 3469 883 3545; x_wconf 62' lang='lat' dir='ltr'><strong>liberalitatis</strong></span> <span class='ocrx_word' id='word_1_200' title='bbox 907 3485 969 3550; x_wconf 89' lang='lat' dir='ltr'><strong>per</strong></span> <span class='ocrx_word' id='word_1_201' title='bbox 996 3468 1159 3532; x_wconf 88' lang='lat' dir='ltr'><strong>ecclesias</strong></span> <span class='ocrx_word' id='word_1_202' title='bbox 1187 3470 1357 3533; x_wconf 83' lang='lat' dir='ltr'><strong>nancisci-</strong></span> 
     </span>
     <span class='ocr_line' id='line_1_31' title="bbox 410 3567 1355 3650; baseline 0.002 -21"><span class='ocrx_word' id='word_1_203' title='bbox 410 3586 506 3647; x_wconf 88' lang='lat' dir='ltr'><strong>mur;</strong></span> <span class='ocrx_word' id='word_1_204' title='bbox 529 3586 592 3630; x_wconf 92' lang='lat' dir='ltr'><strong>nec</strong></span> <span class='ocrx_word' id='word_1_205' title='bbox 605 3568 668 3631; x_wconf 90' lang='lat' dir='ltr'><strong>tibi</strong></span> <span class='ocrx_word' id='word_1_206' title='bbox 685 3567 811 3632; x_wconf 88' lang='lat' dir='ltr'><strong>debitae</strong></span> <span class='ocrx_word' id='word_1_207' title='bbox 828 3567 1012 3650; x_wconf 87' lang='lat' dir='ltr'><strong>potestatis</strong></span> <span class='ocrx_word' id='word_1_208' title='bbox 1028 3573 1090 3631; x_wconf 90' lang='lat' dir='ltr'><strong>aut</strong></span> <span class='ocrx_word' id='word_1_209' title='bbox 1100 3567 1191 3650; x_wconf 88' lang='lat' dir='ltr'><strong>juris</strong></span> <span class='ocrx_word' id='word_1_210' title='bbox 1217 3568 1355 3631; x_wconf 89' lang='lat' dir='ltr'><strong>subtra-</strong></span> 
     </span>
     <span class='ocr_line' id='line_1_32' title="bbox 409 3665 1357 3748; baseline 0.002 -20"><span class='ocrx_word' id='word_1_211' title='bbox 409 3665 490 3729; x_wconf 88' lang='lat' dir='ltr'><strong>here</strong></span> <span class='ocrx_word' id='word_1_212' title='bbox 513 3666 697 3748; x_wconf 88' lang='lat' dir='ltr'><strong>quicquam</strong></span> <span class='ocrx_word' id='word_1_213' title='bbox 722 3667 876 3742; x_wconf 87' lang='lat' dir='ltr'><strong>nitimur,</strong></span> <span class='ocrx_word' id='word_1_214' title='bbox 899 3665 967 3730; x_wconf 88' lang='lat' dir='ltr'><strong>nisi</strong></span> <span class='ocrx_word' id='word_1_215' title='bbox 988 3671 1028 3730; x_wconf 90' lang='lat' dir='ltr'><strong>ut</strong></span> <span class='ocrx_word' id='word_1_216' title='bbox 1053 3684 1138 3747; x_wconf 79' lang='lat' dir='ltr'><strong>erga</strong></span> <span class='ocrx_word' id='word_1_217' title='bbox 1160 3671 1195 3730; x_wconf 88' lang='lat' dir='ltr'><strong>te</strong></span> <span class='ocrx_word' id='word_1_218' title='bbox 1219 3667 1287 3729; x_wconf 92' lang='lat' dir='ltr'><strong>Dei</strong></span> <span class='ocrx_word' id='word_1_219' title='bbox 1302 3666 1357 3730; x_wconf 88' lang='lat' dir='ltr'><strong>ira</strong></span> 
     </span>
     <span class='ocr_line' id='line_1_33' title="bbox 409 3764 1353 3847; baseline 0.004 -20"><span class='ocrx_word' id='word_1_220' title='bbox 409 3764 597 3841; x_wconf 88' lang='lat' dir='ltr'><strong>minuatur,</strong></span> <span class='ocrx_word' id='word_1_221' title='bbox 614 3766 715 3828; x_wconf 83' lang='lat' dir='ltr'><strong>etsie</strong></span> <span class='ocrx_word' id='word_1_222' title='bbox 734 3765 796 3828; x_wconf 93' lang='lat' dir='ltr'><strong>tibi</strong></span> <span class='ocrx_word' id='word_1_223' title='bbox 811 3783 978 3847; x_wconf 89' lang='lat' dir='ltr'><strong>prospera</strong></span> <span class='ocrx_word' id='word_1_224' title='bbox 991 3771 1119 3828; x_wconf 89' lang='lat' dir='ltr'><strong>cuncta</strong></span> <span class='ocrx_word' id='word_1_225' title='bbox 1138 3765 1353 3847; x_wconf 80' lang='lat' dir='ltr'><strong>contingant.</strong></span> 
     </span>
     <span class='ocr_line' id='line_1_34' title="bbox 408 3860 1355 3940; baseline 0.001 -13"><span class='ocrx_word' id='word_1_226' title='bbox 408 3860 471 3927; x_wconf 89' lang='lat' dir='ltr'><strong>Ait</strong></span> <span class='ocrx_word' id='word_1_227' title='bbox 487 3863 578 3926; x_wconf 89' lang='lat' dir='ltr'><strong>enim</strong></span> <span class='ocrx_word' id='word_1_228' title='bbox 592 3863 776 3940; x_wconf 88' lang='lat' dir='ltr'><strong>Dominus,</strong></span> <span class='ocrx_word' id='word_1_229' title='bbox 791 3868 814 3898; x_wconf 90' lang='lat'><strong>“</strong></span> <span class='ocrx_word' id='word_1_230' title='bbox 826 3862 1107 3928; x_wconf 87' lang='lat' dir='ltr'><strong>Honorilicantes</strong></span> <span class='ocrx_word' id='word_1_231' title='bbox 1121 3882 1177 3926; x_wconf 91' lang='lat' dir='ltr'><strong>me</strong></span> <span class='ocrx_word' id='word_1_232' title='bbox 1191 3863 1355 3928; x_wconf 89' lang='lat' dir='ltr'><strong>bonorifi-</strong></span> 
     </span>
     <span class='ocr_line' id='line_1_35' title="bbox 407 3961 1353 4044; baseline 0.002 -19"><span class='ocrx_word' id='word_1_233' title='bbox 407 3962 516 4040; x_wconf 86' lang='lat' dir='ltr'><strong>cabo;</strong></span> <span class='ocrx_word' id='word_1_234' title='bbox 551 3961 610 4044; x_wconf 92' lang='lat' dir='ltr'><strong>qui</strong></span> <span class='ocrx_word' id='word_1_235' title='bbox 637 3967 756 4025; x_wconf 88' lang='lat' dir='ltr'><strong>autem</strong></span> <span class='ocrx_word' id='word_1_236' title='bbox 784 3968 1010 4026; x_wconf 89' lang='lat' dir='ltr'><strong>contemnunt</strong></span> <span class='ocrx_word' id='word_1_237' title='bbox 1040 3981 1095 4024; x_wconf 90' lang='lat' dir='ltr'><strong>me</strong></span> <span class='ocrx_word' id='word_1_238' title='bbox 1122 3969 1224 4027; x_wconf 88' lang='lat' dir='ltr'><strong>erunt</strong></span> <span class='ocrx_word' id='word_1_239' title='bbox 1254 3963 1353 4044; x_wconf 78' lang='lat' dir='ltr'><strong>igno·</strong></span> 
     </span>
    </p>
   </div>
   <div class='ocr_carea' id='block_1_3' title="bbox 406 4229 1355 4368">
    <p class='ocr_par' dir='ltr' id='par_1_6' title="bbox 406 4229 1355 4368">
     <span class='ocr_line' id='line_1_36' title="bbox 441 4229 1355 4300; baseline -0.01 -14"><span class='ocrx_word' id='word_1_240' title='bbox 441 4234 450 4268; x_wconf 87' lang='lat'>¹</span> <span class='ocrx_word' id='word_1_241' title='bbox 462 4233 603 4300; x_wconf 70' lang='lat' dir='ltr'><strong>summa]</strong></span> <span class='ocrx_word' id='word_1_242' title='bbox 615 4235 661 4284; x_wconf 83' lang='lat' dir='ltr'><strong>see</strong></span> <span class='ocrx_word' id='word_1_243' title='bbox 669 4233 788 4283; x_wconf 81' lang='lat' dir='ltr'><strong>Eadmeri</strong></span> <span class='ocrx_word' id='word_1_244' title='bbox 795 4235 865 4284; x_wconf 84' lang='lat' dir='ltr'><strong>Hist.</strong></span> <span class='ocrx_word' id='word_1_245' title='bbox 927 4229 938 4261; x_wconf 84' lang='lat'><strong>¹</strong></span> <span class='ocrx_word' id='word_1_246' title='bbox 950 4233 1041 4298; x_wconf 77' lang='lat' dir='ltr'><strong>Quod]</strong></span> <span class='ocrx_word' id='word_1_247' title='bbox 1061 4234 1091 4284; x_wconf 82' lang='lat' dir='ltr'><strong>C.</strong></span> <span class='ocrx_word' id='word_1_248' title='bbox 1103 4232 1139 4285; x_wconf 86' lang='lat' dir='ltr'><strong>D.</strong></span> <span class='ocrx_word' id='word_1_249' title='bbox 1152 4234 1201 4296; x_wconf 68' lang='lat' dir='ltr'><strong>n,</strong></span> <span class='ocrx_word' id='word_1_250' title='bbox 1217 4235 1286 4298; x_wconf 91' lang='lat' dir='ltr'><strong>quod</strong></span> <span class='ocrx_word' id='word_1_251' title='bbox 1301 4251 1355 4286; x_wconf 87' lang='lat' dir='ltr'><strong>om.</strong></span> 
     </span>
     <span class='ocr_line' id='line_1_37' title="bbox 406 4302 1110 4368; baseline -0.004 -12"><span class='ocrx_word' id='word_1_252' title='bbox 406 4305 547 4368; x_wconf 80' lang='lat' dir='ltr'><strong>Noveram,</strong></span> <span class='ocrx_word' id='word_1_253' title='bbox 558 4303 694 4354; x_wconf 85' lang='lat' dir='ltr'><strong>edlt.Seld.</strong></span> <span class='ocrx_word' id='word_1_254' title='bbox 704 4303 783 4353; x_wconf 80' lang='lat' dir='ltr'><strong>Lond.</strong></span> <span class='ocrx_word' id='word_1_255' title='bbox 792 4307 865 4354; x_wconf 74' lang='lat' dir='ltr'><strong>loss.</strong></span> <span class='ocrx_word' id='word_1_256' title='bbox 891 4303 960 4366; x_wconf 86' lang='lat' dir='ltr'><strong>nino,</strong></span> <span class='ocrx_word' id='word_1_257' title='bbox 971 4302 1005 4353; x_wconf 75' lang='lat' dir='ltr'><strong>A.</strong></span> <span class='ocrx_word' id='word_1_258' title='bbox 1017 4303 1046 4354; x_wconf 79' lang='lat' dir='ltr'><strong>S.</strong></span> <span class='ocrx_word' id='word_1_259' title='bbox 1058 4303 1110 4353; x_wconf 80' lang='lat' dir='ltr'><strong>Ls.</strong></span> 
     </span>
    </p>
   </div>
   <div class='ocr_carea' id='block_1_4' title="bbox 0 0 1576 5025">
    <p class='ocr_par' dir='ltr' id='par_1_7' title="bbox 0 0 1576 5025">
     <span class='ocr_line' id='line_1_38' title="bbox 0 0 1576 5025; baseline 0 3"><span class='ocrx_word' id='word_1_260' title='bbox 0 0 1576 5025; x_wconf 95' lang='lat' dir='ltr'><strong> </strong></span> 
     </span>
    </p>
   </div>
  </div>
 </body>
</html>
