<?xml version="1.0" encoding="UTF-8"?>
<!DOCTYPE html PUBLIC "-//W3C//DTD XHTML 1.0 Transitional//EN"
    "http://www.w3.org/TR/xhtml1/DTD/xhtml1-transitional.dtd">
<html xmlns="http://www.w3.org/1999/xhtml" xml:lang="en" lang="en">
 <head>
  <title>
</title>
<meta http-equiv="Content-Type" content="text/html;charset=utf-8" />
  <meta name='ocr-system' content='tesseract 3.04.00' />
  <meta name='ocr-capabilities' content='ocr_page ocr_carea ocr_par ocr_line ocrx_word'/>
</head>
<body>
  <div class='ocr_page' id='page_1' title='image "./willelmimalmesb01willgoog_0402.png"; bbox 0 0 3142 5025; ppageno 0'>
   <div class='ocr_carea' id='block_1_1' title="bbox 193 494 1146 578">
    <p class='ocr_par' dir='ltr' id='par_1_1' title="bbox 193 494 1146 578">
     <span class='ocr_line' id='line_1_1' title="bbox 193 494 1146 578; baseline -0.001 -19"><span class='ocrx_word' id='word_1_1' title='bbox 193 511 264 560; x_wconf 83' lang='lat' dir='ltr'><strong>mn.</strong></span> <span class='ocrx_word' id='word_1_2' title='bbox 282 496 356 578; x_wconf 94' lang='grc' dir='ltr'>ιιι.]</span> <span class='ocrx_word' id='word_1_3' title='bbox 480 513 656 561; x_wconf 76' lang='lat' dir='ltr'><strong>maroam</strong></span> <span class='ocrx_word' id='word_1_4' title='bbox 679 512 857 559; x_wconf 72' lang='lat' dir='ltr'><strong>novumn.</strong></span> <span class='ocrx_word' id='word_1_5' title='bbox 1079 494 1146 559; x_wconf 86' lang='grc'><strong>759</strong></span> 
     </span>
    </p>
   </div>
   <div class='ocr_carea' id='block_1_2' title="bbox 192 662 1291 777">
    <p class='ocr_par' dir='ltr' id='par_1_2' title="bbox 192 662 1291 777">
     <span class='ocr_line' id='line_1_2' title="bbox 192 662 1291 777; baseline 0.018 -44"><span class='ocrx_word' id='word_1_6' title='bbox 192 671 457 753; x_wconf 79' lang='lat' dir='ltr'><strong>imperatricem,</strong></span> <span class='ocrx_word' id='word_1_7' title='bbox 481 670 670 754; x_wconf 83' lang='lat' dir='ltr'><strong>praemisit3</strong></span> <span class='ocrx_word' id='word_1_8' title='bbox 705 670 830 752; x_wconf 83' lang='lat' dir='ltr'><strong>quibus</strong></span> <span class='ocrx_word' id='word_1_9' title='bbox 857 662 1142 751; x_wconf 63' lang='lat' dir='ltr'><strong>&#39;PPaeteigfflSSis‚</strong></span> <span class='ocrx_word' id='word_1_10' title='bbox 1155 685 1291 777; x_wconf 51' lang='lat' dir='ltr'><strong>fflffl</strong></span> 
     </span>
    </p>
   </div>
   <div class='ocr_carea' id='block_1_3' title="bbox 191 768 1300 2838">
    <p class='ocr_par' dir='ltr' id='par_1_3' title="bbox 192 768 1300 2639">
     <span class='ocr_line' id='line_1_3' title="bbox 193 768 1300 877; baseline -0.002 -44"><span class='ocrx_word' id='word_1_11' title='bbox 193 777 233 833; x_wconf 90' lang='lat' dir='ltr'><strong>ut</strong></span> <span class='ocrx_word' id='word_1_12' title='bbox 253 770 328 853; x_wconf 88' lang='lat' dir='ltr'><strong>jam</strong></span> <span class='ocrx_word' id='word_1_13' title='bbox 354 777 430 835; x_wconf 91' lang='lat' dir='ltr'><strong>tuto</strong></span> <span class='ocrx_word' id='word_1_14' title='bbox 454 778 597 853; x_wconf 84' lang='lat' dir='ltr'><strong>possent</strong></span> <span class='ocrx_word' id='word_1_15' title='bbox 618 769 777 846; x_wconf 87' lang='lat' dir='ltr'><strong>evadere,</strong></span> <span class='ocrx_word' id='word_1_16' title='bbox 794 770 869 852; x_wconf 91' lang='lat' dir='ltr'><strong>ipse</strong></span> <span class='ocrx_word' id='word_1_17' title='bbox 894 768 1022 833; x_wconf 86' lang='lat' dir='ltr'><strong>sensim</strong></span> <span class='ocrx_word' id='word_1_18' title='bbox 1045 786 1300 877; x_wconf 37' lang='lat' dir='ltr'><strong>equi-aegeoffrffi</strong></span> 
     </span>
     <span class='ocr_line' id='line_1_4' title="bbox 193 865 1233 951; baseline -0.009 -18"><span class='ocrx_word' id='word_1_19' title='bbox 193 877 284 947; x_wconf 91' lang='lat' dir='ltr'><strong>tans,</strong></span> <span class='ocrx_word' id='word_1_20' title='bbox 298 890 342 933; x_wconf 90' lang='lat' dir='ltr'><strong>ne</strong></span> <span class='ocrx_word' id='word_1_21' title='bbox 357 870 477 934; x_wconf 92' lang='lat' dir='ltr'><strong>similis</strong></span> <span class='ocrx_word' id='word_1_22' title='bbox 495 870 588 951; x_wconf 81' lang='lat' dir='ltr'><strong>fugae</strong></span> <span class='ocrx_word' id='word_1_23' title='bbox 608 869 775 951; x_wconf 87' lang='lat' dir='ltr'><strong>profectio</strong></span> <span class='ocrx_word' id='word_1_24' title='bbox 795 875 987 951; x_wconf 88' lang='lat' dir='ltr'><strong>putaretur,</strong></span> <span class='ocrx_word' id='word_1_25' title='bbox 1002 867 1142 931; x_wconf 86' lang='lat' dir='ltr'><strong>admisit</strong></span> <span class='ocrx_word' id='word_1_26' title='bbox 1154 887 1211 926; x_wconf 69' lang='lat' dir='ltr'><strong>aua.</strong></span> <span class='ocrx_word' id='word_1_27' title='bbox 1230 865 1233 870; x_wconf 77' lang='grc'>’</span> 
     </span>
     <span class='ocr_line' id='line_1_5' title="bbox 192 967 1140 1052; baseline -0.003 -20"><span class='ocrx_word' id='word_1_28' title='bbox 192 969 229 1033; x_wconf 92' lang='lat' dir='ltr'><strong>in</strong></span> <span class='ocrx_word' id='word_1_29' title='bbox 250 989 288 1032; x_wconf 89' lang='lat' dir='ltr'><strong>se</strong></span> <span class='ocrx_word' id='word_1_30' title='bbox 314 970 592 1052; x_wconf 89' lang='lat' dir='ltr'><strong>persequentium</strong></span> <span class='ocrx_word' id='word_1_31' title='bbox 605 987 740 1044; x_wconf 79' lang='lat' dir='ltr'><strong>manua,</strong></span> <span class='ocrx_word' id='word_1_32' title='bbox 755 969 943 1031; x_wconf 87' lang='lat' dir='ltr'><strong>amicorum</strong></span> <span class='ocrx_word' id='word_1_33' title='bbox 964 967 1140 1031; x_wconf 89' lang='lat' dir='ltr'><strong>liberatio·</strong></span> 
     </span>
     <span class='ocr_line' id='line_1_6' title="bbox 193 1065 1139 1150; baseline 0.002 -21"><span class='ocrx_word' id='word_1_34' title='bbox 193 1087 272 1131; x_wconf 90' lang='lat' dir='ltr'><strong>nem</strong></span> <span class='ocrx_word' id='word_1_35' title='bbox 298 1068 542 1150; x_wconf 90' lang='lat' dir='ltr'><strong>impedimento</strong></span> <span class='ocrx_word' id='word_1_36' title='bbox 568 1087 633 1132; x_wconf 90' lang='lat' dir='ltr'><strong>suo</strong></span> <span class='ocrx_word' id='word_1_37' title='bbox 656 1074 840 1131; x_wconf 89' lang='lat' dir='ltr'><strong>mercatus.</strong></span> <span class='ocrx_word' id='word_1_38' title='bbox 891 1065 915 1131; x_wconf 86' lang='lat' dir='ltr'>J</span> <span class='ocrx_word' id='word_1_39' title='bbox 918 1086 973 1129; x_wconf 90' lang='lat' dir='ltr'><strong>am</strong></span> <span class='ocrx_word' id='word_1_40' title='bbox 993 1086 1076 1130; x_wconf 86' lang='lat' dir='ltr'><strong>vero</strong></span> <span class='ocrx_word' id='word_1_41' title='bbox 1104 1067 1139 1131; x_wconf 90' lang='lat' dir='ltr'><strong>in</strong></span> 
     </span>
     <span class='ocr_line' id='line_1_7' title="bbox 193 1162 1141 1253; baseline 0.001 -26"><span class='ocrx_word' id='word_1_42' title='bbox 193 1166 271 1249; x_wconf 91' lang='lat' dir='ltr'><strong>ipsa</strong></span> <span class='ocrx_word' id='word_1_43' title='bbox 286 1168 447 1249; x_wconf 80' lang='lat' dir='ltr'>captione</span> <span class='ocrx_word' id='word_1_44' title='bbox 462 1187 563 1231; x_wconf 93' lang='lat' dir='ltr'><strong>nemo</strong></span> <span class='ocrx_word' id='word_1_45' title='bbox 577 1186 654 1230; x_wconf 89' lang='lat' dir='ltr'><strong>eum</strong></span> <span class='ocrx_word' id='word_1_46' title='bbox 672 1166 730 1253; x_wconf 89' lang='lat' dir='ltr'><strong>(ut</strong></span> <span class='ocrx_word' id='word_1_47' title='bbox 747 1174 829 1231; x_wconf 88' lang='lat' dir='ltr'><strong>ante</strong></span> <span class='ocrx_word' id='word_1_48' title='bbox 845 1162 937 1249; x_wconf 83' lang='lat' dir='ltr'>dixi)</span> <span class='ocrx_word' id='word_1_49' title='bbox 954 1165 1010 1229; x_wconf 86' lang='lat' dir='ltr'><strong>vel</strong></span> <span class='ocrx_word' id='word_1_50' title='bbox 1032 1165 1141 1228; x_wconf 88' lang='lat' dir='ltr'><strong>sensit</strong></span> 
     </span>
     <span class='ocr_line' id='line_1_8' title="bbox 192 1264 1139 1352; baseline -0.002 -23"><span class='ocrx_word' id='word_1_51' title='bbox 192 1264 366 1347; x_wconf 89' lang='lat' dir='ltr'><strong>dejectum</strong></span> <span class='ocrx_word' id='word_1_52' title='bbox 388 1268 516 1352; x_wconf 91' lang='lat' dir='ltr'><strong>animo,</strong></span> <span class='ocrx_word' id='word_1_53' title='bbox 533 1267 589 1330; x_wconf 87' lang='lat' dir='ltr'><strong>vel</strong></span> <span class='ocrx_word' id='word_1_54' title='bbox 608 1264 748 1332; x_wconf 74' lang='lat' dir='ltr'><strong>‚audivit</strong></span> <span class='ocrx_word' id='word_1_55' title='bbox 770 1266 934 1337; x_wconf 86' lang='lat' dir='ltr'><strong>humilem</strong></span> <span class='ocrx_word' id='word_1_56' title='bbox 958 1266 993 1328; x_wconf 91' lang='lat' dir='ltr'><strong>in</strong></span> <span class='ocrx_word' id='word_1_57' title='bbox 1013 1264 1139 1329; x_wconf 83' lang='lat' dir='ltr'><strong>verbo:</strong></span> 
     </span>
     <span class='ocr_line' id='line_1_9' title="bbox 193 1364 1141 1447; baseline -0.001 -20"><span class='ocrx_word' id='word_1_58' title='bbox 193 1365 280 1427; x_wconf 87' lang='lat' dir='ltr'><strong>adeo</strong></span> <span class='ocrx_word' id='word_1_59' title='bbox 293 1383 401 1447; x_wconf 90' lang='lat' dir='ltr'><strong>supra</strong></span> <span class='ocrx_word' id='word_1_60' title='bbox 415 1365 590 1429; x_wconf 85' lang='lat' dir='ltr'><strong>fortunam</strong></span> <span class='ocrx_word' id='word_1_61' title='bbox 603 1366 753 1429; x_wconf 86' lang='lat' dir='ltr'><strong>eminere</strong></span> <span class='ocrx_word' id='word_1_62' title='bbox 767 1364 961 1441; x_wconf 88' lang='lat' dir='ltr'><strong>videbatur,</strong></span> <span class='ocrx_word' id='word_1_63' title='bbox 970 1371 1010 1427; x_wconf 91' lang='lat' dir='ltr'><strong>ut</strong></span> <span class='ocrx_word' id='word_1_64' title='bbox 1024 1381 1141 1445; x_wconf 87' lang='lat' dir='ltr'><strong>perse·</strong></span> 
     </span>
     <span class='ocr_line' id='line_1_10' title="bbox 194 1460 1142 1549; baseline -0.002 -22"><span class='ocrx_word' id='word_1_65' title='bbox 194 1471 332 1527; x_wconf 86' lang='lat' dir='ltr'><strong>catores</strong></span> <span class='ocrx_word' id='word_1_66' title='bbox 357 1483 439 1527; x_wconf 89' lang='lat' dir='ltr'><strong>snos</strong></span> <span class='ocrx_word' id='word_1_67' title='bbox 452 1462 551 1549; x_wconf 90' lang='lat' dir='ltr'><strong>(nolo</strong></span> <span class='ocrx_word' id='word_1_68' title='bbox 575 1464 666 1527; x_wconf 88' lang='lat' dir='ltr'><strong>enim</strong></span> <span class='ocrx_word' id='word_1_69' title='bbox 689 1464 803 1527; x_wconf 83' lang='lat' dir='ltr'><strong>dicere</strong></span> <span class='ocrx_word' id='word_1_70' title='bbox 822 1460 958 1545; x_wconf 89' lang='lat' dir='ltr'><strong>hostes)</strong></span> <span class='ocrx_word' id='word_1_71' title='bbox 979 1462 1022 1527; x_wconf 90' lang='lat' dir='ltr'><strong>ad</strong></span> <span class='ocrx_word' id='word_1_72' title='bbox 1045 1482 1142 1527; x_wconf 88' lang='lat' dir='ltr'><strong>reve-</strong></span> 
     </span>
     <span class='ocr_line' id='line_1_11' title="bbox 193 1562 1141 1646; baseline 0 -21"><span class='ocrx_word' id='word_1_73' title='bbox 193 1564 341 1626; x_wconf 83' lang='lat' dir='ltr'><strong>rentiam</strong></span> <span class='ocrx_word' id='word_1_74' title='bbox 357 1563 411 1626; x_wconf 91' lang='lat' dir='ltr'><strong>sui</strong></span> <span class='ocrx_word' id='word_1_75' title='bbox 430 1563 610 1628; x_wconf 86' lang='lat' dir='ltr'><strong>excitaret.</strong></span> <span class='ocrx_word' id='word_1_76' title='bbox 663 1562 790 1646; x_wconf 89' lang='lat' dir='ltr'><strong>Itaque</strong></span> <span class='ocrx_word' id='word_1_77' title='bbox 812 1565 944 1645; x_wconf 84' lang='lat' dir='ltr'><strong>regina,</strong></span> <span class='ocrx_word' id='word_1_78' title='bbox 959 1565 1037 1645; x_wconf 84' lang='lat' dir='ltr'><strong>quae</strong></span> <span class='ocrx_word' id='word_1_79' title='bbox 1059 1563 1141 1626; x_wconf 88' lang='lat' dir='ltr'><strong>licat</strong></span> 
     </span>
     <span class='ocr_line' id='line_1_12' title="bbox 193 1662 1141 1746; baseline 0 -21"><span class='ocrx_word' id='word_1_80' title='bbox 193 1663 407 1727; x_wconf 88' lang='lat' dir='ltr'><strong>meminisset</strong></span> <span class='ocrx_word' id='word_1_81' title='bbox 422 1664 535 1727; x_wconf 86' lang='lat' dir='ltr'><strong>virum</strong></span> <span class='ocrx_word' id='word_1_82' title='bbox 551 1668 650 1726; x_wconf 82' lang='lat' dir='ltr'><strong>suum</strong></span> <span class='ocrx_word' id='word_1_83' title='bbox 668 1663 743 1746; x_wconf 88' lang='lat' dir='ltr'><strong>ejus</strong></span> <span class='ocrx_word' id='word_1_84' title='bbox 752 1663 854 1746; x_wconf 89' lang='lat' dir='ltr'><strong>jussu</strong></span> <span class='ocrx_word' id='word_1_85' title='bbox 875 1662 981 1726; x_wconf 80' lang='lat' dir='ltr'><strong>fuisse</strong></span> <span class='ocrx_word' id='word_1_86' title='bbox 1005 1680 1141 1744; x_wconf 90' lang='lat' dir='ltr'><strong>compc-</strong></span> 
     </span>
     <span class='ocr_line' id='line_1_13' title="bbox 193 1761 1140 1844; baseline -0.002 -20"><span class='ocrx_word' id='word_1_87' title='bbox 193 1761 315 1838; x_wconf 90' lang='lat' dir='ltr'><strong>ditum,</strong></span> <span class='ocrx_word' id='word_1_88' title='bbox 338 1762 424 1826; x_wconf 90' lang='lat' dir='ltr'><strong>nihil</strong></span> <span class='ocrx_word' id='word_1_89' title='bbox 446 1761 478 1825; x_wconf 89' lang='lat' dir='ltr'><strong>ei</strong></span> <span class='ocrx_word' id='word_1_90' title='bbox 500 1781 653 1844; x_wconf 90' lang='lat' dir='ltr'><strong>unquam</strong></span> <span class='ocrx_word' id='word_1_91' title='bbox 677 1762 892 1827; x_wconf 88' lang='lat' dir='ltr'><strong>vinculorum</strong></span> <span class='ocrx_word' id='word_1_92' title='bbox 918 1762 1038 1828; x_wconf 86' lang='lat' dir='ltr'><strong>inferri</strong></span> <span class='ocrx_word' id='word_1_93' title='bbox 1062 1774 1140 1844; x_wconf 90' lang='lat' dir='ltr'><strong>per-</strong></span> 
     </span>
     <span class='ocr_line' id='line_1_14' title="bbox 194 1859 1141 1945; baseline 0.004 -22"><span class='ocrx_word' id='word_1_94' title='bbox 194 1859 300 1937; x_wconf 84' lang='lat' dir='ltr'><strong>misit,</strong></span> <span class='ocrx_word' id='word_1_95' title='bbox 310 1880 373 1924; x_wconf 90' lang='lat' dir='ltr'><strong>nec</strong></span> <span class='ocrx_word' id='word_1_96' title='bbox 390 1862 575 1943; x_wconf 89' lang='lat' dir='ltr'><strong>quicquam</strong></span> <span class='ocrx_word' id='word_1_97' title='bbox 590 1860 809 1925; x_wconf 90' lang='lat' dir='ltr'><strong>inhonestum</strong></span> <span class='ocrx_word' id='word_1_98' title='bbox 820 1863 862 1924; x_wconf 89' lang='lat' dir='ltr'><strong>de</strong></span> <span class='ocrx_word' id='word_1_99' title='bbox 877 1882 941 1925; x_wconf 89' lang='lat' dir='ltr'><strong>sua</strong></span> <span class='ocrx_word' id='word_1_100' title='bbox 957 1862 1141 1945; x_wconf 89' lang='lat' dir='ltr'><strong>majestate</strong></span> 
     </span>
     <span class='ocr_line' id='line_1_15' title="bbox 195 1959 1140 2045; baseline 0.001 -23"><span class='ocrx_word' id='word_1_101' title='bbox 195 1960 435 2042; x_wconf 75' lang='lat' dir='ltr'><strong>praesumpsit:</strong></span> <span class='ocrx_word' id='word_1_102' title='bbox 467 1960 614 2043; x_wconf 90' lang='lat' dir='ltr'><strong>denique</strong></span> <span class='ocrx_word' id='word_1_103' title='bbox 640 1959 733 2042; x_wconf 86' lang='lat' dir='ltr'><strong>apud</strong></span> <span class='ocrx_word' id='word_1_104' title='bbox 761 1961 1011 2027; x_wconf 86' lang='lat' dir='ltr'><strong>Rovecestram</strong></span> <span class='ocrx_word' id='word_1_105' title='bbox 1040 1959 1140 2045; x_wconf 86' lang='lat' dir='ltr'><strong>(illuc</strong></span> 
     </span>
     <span class='ocr_line' id='line_1_16' title="bbox 194 2056 1140 2143; baseline -0.001 -21"><span class='ocrx_word' id='word_1_106' title='bbox 194 2058 323 2141; x_wconf 90' lang='lat' dir='ltr'><strong>quippe</strong></span> <span class='ocrx_word' id='word_1_107' title='bbox 341 2058 465 2123; x_wconf 90' lang='lat' dir='ltr'><strong>ductus</strong></span> <span class='ocrx_word' id='word_1_108' title='bbox 480 2056 564 2143; x_wconf 83' lang='lat' dir='ltr'><strong>fuit)</strong></span> <span class='ocrx_word' id='word_1_109' title='bbox 578 2059 684 2123; x_wconf 90' lang='lat' dir='ltr'><strong>libere</strong></span> <span class='ocrx_word' id='word_1_110' title='bbox 707 2060 750 2123; x_wconf 90' lang='lat' dir='ltr'><strong>ad</strong></span> <span class='ocrx_word' id='word_1_111' title='bbox 773 2060 937 2125; x_wconf 88' lang='lat' dir='ltr'><strong>ecclesias</strong></span> <span class='ocrx_word' id='word_1_112' title='bbox 953 2060 1043 2123; x_wconf 81' lang='lat' dir='ltr'><strong>inira</strong></span> <span class='ocrx_word' id='word_1_113' title='bbox 1065 2079 1140 2122; x_wconf 87' lang='lat' dir='ltr'><strong>cas·</strong></span> 
     </span>
     <span class='ocr_line' id='line_1_17' title="bbox 194 2158 1247 2241; baseline 0.004 -20"><span class='ocrx_word' id='word_1_114' title='bbox 194 2158 314 2221; x_wconf 87' lang='lat' dir='ltr'><strong>tellum</strong></span> <span class='ocrx_word' id='word_1_115' title='bbox 325 2178 394 2241; x_wconf 89' lang='lat' dir='ltr'><strong>quo</strong></span> <span class='ocrx_word' id='word_1_116' title='bbox 413 2158 542 2223; x_wconf 81' lang='lat' dir='ltr'><strong>libebat</strong></span> <span class='ocrx_word' id='word_1_117' title='bbox 563 2159 656 2237; x_wconf 84' lang='lat' dir='ltr'><strong>ibat3</strong></span> <span class='ocrx_word' id='word_1_118' title='bbox 681 2166 715 2222; x_wconf 92' lang='lat' dir='ltr'><strong>et</strong></span> <span class='ocrx_word' id='word_1_119' title='bbox 731 2160 855 2241; x_wconf 87' lang='lat' dir='ltr'><strong>quibus</strong></span> <span class='ocrx_word' id='word_1_120' title='bbox 878 2158 1006 2223; x_wconf 89' lang='lat' dir='ltr'><strong>libebat</strong></span> <span class='ocrx_word' id='word_1_121' title='bbox 1020 2159 1139 2241; x_wconf 58' lang='lat' dir='ltr'><strong>loquer</strong></span> <span class='ocrx_word' id='word_1_122' title='bbox 1246 2208 1247 2213; x_wconf 19' lang='grc' dir='ltr'>ι</span> 
     </span>
     <span class='ocr_line' id='line_1_18' title="bbox 193 2257 1141 2342; baseline -0.001 -22"><span class='ocrx_word' id='word_1_123' title='bbox 193 2257 309 2334; x_wconf 89' lang='lat' dir='ltr'><strong>batur,</strong></span> <span class='ocrx_word' id='word_1_124' title='bbox 323 2258 400 2340; x_wconf 88' lang='lat' dir='ltr'><strong>ipsa</strong></span> <span class='ocrx_word' id='word_1_125' title='bbox 413 2258 587 2321; x_wconf 88' lang='lat' dir='ltr'><strong>duntaxat</strong></span> <span class='ocrx_word' id='word_1_126' title='bbox 602 2258 722 2339; x_wconf 83' lang='lat' dir='ltr'><strong>regina</strong></span> <span class='ocrx_word' id='word_1_127' title='bbox 742 2264 934 2342; x_wconf 86' lang='lat' dir='ltr'><strong>praesente:</strong></span> <span class='ocrx_word' id='word_1_128' title='bbox 958 2277 1038 2321; x_wconf 90' lang='lat' dir='ltr'><strong>nam</strong></span> <span class='ocrx_word' id='word_1_129' title='bbox 1061 2265 1141 2340; x_wconf 90' lang='lat' dir='ltr'><strong>post</strong></span> 
     </span>
     <span class='ocr_line' id='line_1_19' title="bbox 195 2356 1142 2441; baseline 0.002 -22"><span class='ocrx_word' id='word_1_130' title='bbox 195 2356 443 2438; x_wconf 82' lang='lat' dir='ltr'><strong>profectionem</strong></span> <span class='ocrx_word' id='word_1_131' title='bbox 459 2357 535 2441; x_wconf 89' lang='lat' dir='ltr'><strong>ejus</strong></span> <span class='ocrx_word' id='word_1_132' title='bbox 561 2357 598 2420; x_wconf 92' lang='lat' dir='ltr'><strong>in</strong></span> <span class='ocrx_word' id='word_1_133' title='bbox 615 2357 738 2420; x_wconf 92' lang='lat' dir='ltr'><strong>turrim</strong></span> <span class='ocrx_word' id='word_1_134' title='bbox 760 2358 825 2421; x_wconf 87' lang='lat' dir='ltr'><strong>sub</strong></span> <span class='ocrx_word' id='word_1_135' title='bbox 848 2358 956 2423; x_wconf 87' lang='lat' dir='ltr'><strong>libera</strong></span> <span class='ocrx_word' id='word_1_136' title='bbox 984 2358 1142 2422; x_wconf 89' lang='lat' dir='ltr'><strong>custodia</strong></span> 
     </span>
     <span class='ocr_line' id='line_1_20' title="bbox 194 2455 1141 2539; baseline 0.001 -20"><span class='ocrx_word' id='word_1_137' title='bbox 194 2455 320 2521; x_wconf 90' lang='lat' dir='ltr'><strong>ductus</strong></span> <span class='ocrx_word' id='word_1_138' title='bbox 346 2465 410 2534; x_wconf 87' lang='lat' dir='ltr'><strong>est,</strong></span> <span class='ocrx_word' id='word_1_139' title='bbox 428 2456 514 2521; x_wconf 88' lang='lat' dir='ltr'><strong>adeo</strong></span> <span class='ocrx_word' id='word_1_140' title='bbox 538 2456 700 2539; x_wconf 87' lang='lat' dir='ltr'><strong>praesenti</strong></span> <span class='ocrx_word' id='word_1_141' title='bbox 716 2464 752 2521; x_wconf 89' lang='lat' dir='ltr'><strong>et</strong></span> <span class='ocrx_word' id='word_1_142' title='bbox 768 2476 890 2522; x_wconf 91' lang='lat' dir='ltr'><strong>securo</strong></span> <span class='ocrx_word' id='word_1_143' title='bbox 914 2458 1028 2522; x_wconf 86' lang='lat' dir='ltr'><strong>animo</strong></span> <span class='ocrx_word' id='word_1_144' title='bbox 1044 2464 1083 2522; x_wconf 93' lang='lat' dir='ltr'><strong>ut</strong></span> <span class='ocrx_word' id='word_1_145' title='bbox 1098 2458 1141 2521; x_wconf 91' lang='lat' dir='ltr'><strong>ab</strong></span> 
     </span>
     <span class='ocr_line' id='line_1_21' title="bbox 195 2556 1142 2639; baseline 0.002 -21"><span class='ocrx_word' id='word_1_146' title='bbox 195 2556 390 2622; x_wconf 90' lang='lat' dir='ltr'><strong>hominibus</strong></span> <span class='ocrx_word' id='word_1_147' title='bbox 412 2557 484 2622; x_wconf 87' lang='lat' dir='ltr'><strong>suis</strong></span> <span class='ocrx_word' id='word_1_148' title='bbox 502 2557 544 2621; x_wconf 91' lang='lat' dir='ltr'><strong>de</strong></span> <span class='ocrx_word' id='word_1_149' title='bbox 562 2556 690 2621; x_wconf 80' lang='lat' dir='ltr'><strong>cantia</strong></span> <span class='ocrx_word' id='word_1_150' title='bbox 706 2564 849 2638; x_wconf 86' lang='lat' dir='ltr'><strong>accepta</strong></span> <span class='ocrx_word' id='word_1_151' title='bbox 868 2558 1015 2639; x_wconf 89' lang='lat' dir='ltr'><strong>pecunia</strong></span> <span class='ocrx_word' id='word_1_152' title='bbox 1034 2576 1142 2639; x_wconf 91' lang='lat' dir='ltr'><strong>equos</strong></span> 
     </span>
    </p>

    <p class='ocr_par' dir='ltr' id='par_1_4' title="bbox 191 2656 1144 2838">
     <span class='ocr_line' id='line_1_22' title="bbox 196 2656 1144 2742; baseline 0 -23"><span class='ocrx_word' id='word_1_153' title='bbox 196 2675 266 2720; x_wconf 92' lang='lat' dir='ltr'><strong>non</strong></span> <span class='ocrx_word' id='word_1_154' title='bbox 280 2657 379 2738; x_wconf 88' lang='lat' dir='ltr'><strong>parvi</strong></span> <span class='ocrx_word' id='word_1_155' title='bbox 395 2656 496 2739; x_wconf 89' lang='lat' dir='ltr'><strong>pretii</strong></span> <span class='ocrx_word' id='word_1_156' title='bbox 507 2663 735 2742; x_wconf 87' lang='lat' dir='ltr'><strong>compararet,</strong></span> <span class='ocrx_word' id='word_1_157' title='bbox 747 2657 807 2739; x_wconf 91' lang='lat' dir='ltr'><strong>qui</strong></span> <span class='ocrx_word' id='word_1_158' title='bbox 823 2656 854 2719; x_wconf 89' lang='lat' dir='ltr'><strong>ci</strong></span> <span class='ocrx_word' id='word_1_159' title='bbox 870 2664 950 2739; x_wconf 88' lang='lat' dir='ltr'><strong>post</strong></span> <span class='ocrx_word' id='word_1_160' title='bbox 965 2657 1144 2739; x_wconf 88' lang='lat' dir='ltr'><strong>aliquanto</strong></span> 
     </span>
     <span class='ocr_line' id='line_1_23' title="bbox 191 2755 864 2838; baseline 0.001 -21"><span class='ocrx_word' id='word_1_161' title='bbox 191 2763 352 2838; x_wconf 65' lang='lat' dir='ltr'><strong>,tempore</strong></span> <span class='ocrx_word' id='word_1_162' title='bbox 370 2763 404 2820; x_wconf 92' lang='lat' dir='ltr'><strong>et</strong></span> <span class='ocrx_word' id='word_1_163' title='bbox 421 2757 499 2821; x_wconf 91' lang='lat' dir='ltr'><strong>usui</strong></span> <span class='ocrx_word' id='word_1_164' title='bbox 514 2762 549 2820; x_wconf 90' lang='lat' dir='ltr'><strong>et</strong></span> <span class='ocrx_word' id='word_1_165' title='bbox 564 2755 743 2821; x_wconf 90' lang='lat' dir='ltr'><strong>commodo</strong></span> <span class='ocrx_word' id='word_1_166' title='bbox 757 2755 864 2820; x_wconf 87' lang='lat' dir='ltr'><strong>fuere.</strong></span> 
     </span>
    </p>
   </div>
   <div class='ocr_carea' id='block_1_4' title="bbox 447 2945 902 2994">
    <p class='ocr_par' dir='ltr' id='par_1_5' title="bbox 447 2945 902 2994">
     <span class='ocr_line' id='line_1_24' title="bbox 447 2945 902 2994; baseline 0.002 -1"><span class='ocrx_word' id='word_1_167' title='bbox 447 2948 494 2994; x_wconf 86' lang='lat' dir='ltr'><strong>DE</strong></span> <span class='ocrx_word' id='word_1_168' title='bbox 517 2947 762 2994; x_wconf 78' lang='lat' dir='ltr'>LIBERATIONR</span> <span class='ocrx_word' id='word_1_169' title='bbox 785 2945 902 2994; x_wconf 82' lang='lat' dir='ltr'>REGIS.</span> 
     </span>
    </p>
   </div>
   <div class='ocr_carea' id='block_1_5' title="bbox 193 3052 1149 4030">
    <p class='ocr_par' dir='ltr' id='par_1_6' title="bbox 193 3052 1149 4030">
     <span class='ocr_line' id='line_1_25' title="bbox 249 3052 1147 3137; baseline -0.001 -20"><span class='ocrx_word' id='word_1_170' title='bbox 249 3052 338 3136; x_wconf 56' lang='lat'><strong>§58</strong></span> <span class='ocrx_word' id='word_1_171' title='bbox 362 3053 558 3119; x_wconf 87' lang='lat' dir='ltr'><strong>Tentavere</strong></span> <span class='ocrx_word' id='word_1_172' title='bbox 582 3056 694 3137; x_wconf 90' lang='lat' dir='ltr'><strong>primo</strong></span> <span class='ocrx_word' id='word_1_173' title='bbox 717 3055 873 3130; x_wconf 88' lang='lat' dir='ltr'><strong>comites,</strong></span> <span class='ocrx_word' id='word_1_174' title='bbox 891 3060 926 3118; x_wconf 88' lang='lat' dir='ltr'><strong>et</strong></span> <span class='ocrx_word' id='word_1_175' title='bbox 950 3053 985 3117; x_wconf 92' lang='lat' dir='ltr'><strong>bi</strong></span> <span class='ocrx_word' id='word_1_176' title='bbox 1003 3073 1147 3136; x_wconf 89' lang='lat' dir='ltr'><strong>quorum</strong></span> 
     </span>
     <span class='ocr_line' id='line_1_26' title="bbox 193 3152 1148 3236; baseline 0.003 -23"><span class='ocrx_word' id='word_1_177' title='bbox 193 3152 364 3217; x_wconf 84' lang='lat' dir='ltr'><strong>intererat</strong></span> <span class='ocrx_word' id='word_1_178' title='bbox 391 3153 434 3218; x_wconf 89' lang='lat' dir='ltr'><strong>de</strong></span> <span class='ocrx_word' id='word_1_179' title='bbox 459 3155 586 3219; x_wconf 87' lang='lat' dir='ltr'><strong>talibus</strong></span> <span class='ocrx_word' id='word_1_180' title='bbox 614 3155 722 3236; x_wconf 91' lang='lat' dir='ltr'><strong>loqui,</strong></span> <span class='ocrx_word' id='word_1_181' title='bbox 743 3154 773 3217; x_wconf 90' lang='lat' dir='ltr'><strong>si</strong></span> <span class='ocrx_word' id='word_1_182' title='bbox 795 3153 884 3218; x_wconf 87' lang='lat' dir='ltr'><strong>forte</strong></span> <span class='ocrx_word' id='word_1_183' title='bbox 909 3173 1024 3235; x_wconf 82' lang='lat' dir='ltr'><strong>regem</strong></span> <span class='ocrx_word' id='word_1_184' title='bbox 1050 3161 1085 3218; x_wconf 88' lang='lat' dir='ltr'><strong>et</strong></span> <span class='ocrx_word' id='word_1_185' title='bbox 1111 3173 1148 3216; x_wconf 89' lang='lat' dir='ltr'><strong>se</strong></span> 
     </span>
     <span class='ocr_line' id='line_1_27' title="bbox 199 3251 1148 3334; baseline 0.003 -23"><span class='ocrx_word' id='word_1_186' title='bbox 199 3251 329 3315; x_wconf 90' lang='lat' dir='ltr'><strong>sineret</strong></span> <span class='ocrx_word' id='word_1_187' title='bbox 345 3255 454 3334; x_wconf 84' lang='lat' dir='ltr'><strong>aequis</strong></span> <span class='ocrx_word' id='word_1_188' title='bbox 471 3254 725 3317; x_wconf 90' lang='lat' dir='ltr'><strong>conditionibus</strong></span> <span class='ocrx_word' id='word_1_189' title='bbox 740 3254 890 3316; x_wconf 89' lang='lat' dir='ltr'><strong>liberari.</strong></span> <span class='ocrx_word' id='word_1_190' title='bbox 930 3252 1010 3316; x_wconf 90' lang='lat' dir='ltr'><strong>Hoc</strong></span> <span class='ocrx_word' id='word_1_191' title='bbox 1028 3271 1148 3333; x_wconf 87' lang='lat' dir='ltr'><strong>quam·</strong></span> 
     </span>
     <span class='ocr_line' id='line_1_28' title="bbox 201 3344 1148 3434; baseline 0.002 -22"><span class='ocrx_word' id='word_1_192' title='bbox 201 3349 254 3412; x_wconf 90' lang='lat' dir='ltr'><strong>vis</strong></span> <span class='ocrx_word' id='word_1_193' title='bbox 278 3349 424 3414; x_wconf 89' lang='lat' dir='ltr'><strong>Mabilla</strong></span> <span class='ocrx_word' id='word_1_194' title='bbox 441 3352 618 3416; x_wconf 88' lang='lat' dir='ltr'><strong>comitissa</strong></span> <span class='ocrx_word' id='word_1_195' title='bbox 637 3370 709 3434; x_wconf 89' lang='lat' dir='ltr'><strong>prae</strong></span> <span class='ocrx_word' id='word_1_196' title='bbox 732 3351 902 3416; x_wconf 86' lang='lat' dir='ltr'><strong>desiderio</strong></span> <span class='ocrx_word' id='word_1_197' title='bbox 919 3352 985 3414; x_wconf 84' lang='lat' dir='ltr'><strong>viri</strong></span> <span class='ocrx_word' id='word_1_198' title='bbox 1011 3352 1066 3414; x_wconf 90' lang='lat' dir='ltr'><strong>sui</strong></span> <span class='ocrx_word' id='word_1_199' title='bbox 1080 3344 1148 3414; x_wconf 83' lang='lat' dir='ltr'><strong>²di-</strong></span> 
     </span>
     <span class='ocr_line' id='line_1_29' title="bbox 200 3448 1149 3532; baseline 0.003 -21"><span class='ocrx_word' id='word_1_200' title='bbox 200 3448 282 3512; x_wconf 89' lang='lat' dir='ltr'><strong>lecti</strong></span> <span class='ocrx_word' id='word_1_201' title='bbox 307 3450 425 3513; x_wconf 85' lang='lat' dir='ltr'><strong>statim</strong></span> <span class='ocrx_word' id='word_1_202' title='bbox 448 3450 611 3532; x_wconf 87' lang='lat' dir='ltr'><strong>amplexa</strong></span> <span class='ocrx_word' id='word_1_203' title='bbox 634 3450 769 3513; x_wconf 90' lang='lat' dir='ltr'><strong>nunciis</strong></span> <span class='ocrx_word' id='word_1_204' title='bbox 803 3451 955 3532; x_wconf 89' lang='lat' dir='ltr'><strong>acceptis</strong></span> <span class='ocrx_word' id='word_1_205' title='bbox 985 3457 1088 3526; x_wconf 86' lang='lat' dir='ltr'><strong>esset,</strong></span> <span class='ocrx_word' id='word_1_206' title='bbox 1114 3450 1149 3514; x_wconf 89' lang='lat' dir='ltr'><strong>iu</strong></span> 
     </span>
     <span class='ocr_line' id='line_1_30' title="bbox 201 3547 1148 3632; baseline 0 -22"><span class='ocrx_word' id='word_1_207' title='bbox 201 3547 277 3630; x_wconf 89' lang='lat' dir='ltr'><strong>ejus</strong></span> <span class='ocrx_word' id='word_1_208' title='bbox 292 3548 530 3613; x_wconf 87' lang='lat' dir='ltr'><strong>liberationem</strong></span> <span class='ocrx_word' id='word_1_209' title='bbox 552 3548 728 3632; x_wconf 79' lang='lat' dir='ltr'><strong>conjugali</strong></span> <span class='ocrx_word' id='word_1_210' title='bbox 743 3548 913 3613; x_wconf 87' lang='lat' dir='ltr'><strong>charitate</strong></span> <span class='ocrx_word' id='word_1_211' title='bbox 935 3551 1148 3631; x_wconf 88' lang='lat' dir='ltr'><strong>propensior,</strong></span> 
     </span>
     <span class='ocr_line' id='line_1_31' title="bbox 201 3646 1148 3730; baseline 0.003 -21"><span class='ocrx_word' id='word_1_212' title='bbox 201 3646 259 3710; x_wconf 92' lang='lat' dir='ltr'><strong>ille</strong></span> <span class='ocrx_word' id='word_1_213' title='bbox 273 3647 487 3730; x_wconf 86' lang='lat' dir='ltr'><strong>profundiori</strong></span> <span class='ocrx_word' id='word_1_214' title='bbox 505 3649 648 3714; x_wconf 90' lang='lat' dir='ltr'><strong>consilio</strong></span> <span class='ocrx_word' id='word_1_215' title='bbox 664 3647 889 3725; x_wconf 85' lang='lat' dir='ltr'><strong>contradixit,</strong></span> <span class='ocrx_word' id='word_1_216' title='bbox 903 3667 1019 3729; x_wconf 85' lang='lat' dir='ltr'><strong>regem</strong></span> <span class='ocrx_word' id='word_1_217' title='bbox 1042 3656 1077 3712; x_wconf 88' lang='lat' dir='ltr'><strong>et</strong></span> <span class='ocrx_word' id='word_1_218' title='bbox 1091 3668 1148 3712; x_wconf 94' lang='lat' dir='ltr'><strong>co-</strong></span> 
     </span>
     <span class='ocr_line' id='line_1_32' title="bbox 201 3747 1147 3831; baseline 0.002 -21"><span class='ocrx_word' id='word_1_219' title='bbox 201 3747 319 3811; x_wconf 93' lang='lat' dir='ltr'><strong>mitem</strong></span> <span class='ocrx_word' id='word_1_220' title='bbox 350 3767 421 3813; x_wconf 92' lang='lat' dir='ltr'><strong>non</strong></span> <span class='ocrx_word' id='word_1_221' title='bbox 452 3747 597 3830; x_wconf 88' lang='lat' dir='ltr'><strong>aequalis</strong></span> <span class='ocrx_word' id='word_1_222' title='bbox 626 3747 788 3831; x_wconf 89' lang='lat' dir='ltr'><strong>ponderis</strong></span> <span class='ocrx_word' id='word_1_223' title='bbox 817 3767 892 3811; x_wconf 90' lang='lat' dir='ltr'><strong>esse</strong></span> <span class='ocrx_word' id='word_1_224' title='bbox 922 3767 1147 3812; x_wconf 84' lang='lat' dir='ltr'><strong>asseverans:</strong></span> 
     </span>
     <span class='ocr_line' id='line_1_33' title="bbox 202 3847 1149 3931; baseline 0 -22"><span class='ocrx_word' id='word_1_225' title='bbox 202 3854 378 3923; x_wconf 83' lang='lat' dir='ltr'><strong>caeterum,</strong></span> <span class='ocrx_word' id='word_1_226' title='bbox 396 3847 426 3910; x_wconf 90' lang='lat' dir='ltr'><strong>si</strong></span> <span class='ocrx_word' id='word_1_227' title='bbox 439 3849 677 3931; x_wconf 88' lang='lat' dir='ltr'><strong>permitterent</strong></span> <span class='ocrx_word' id='word_1_228' title='bbox 690 3866 808 3910; x_wconf 89' lang='lat' dir='ltr'><strong>omues</strong></span> <span class='ocrx_word' id='word_1_229' title='bbox 823 3848 883 3929; x_wconf 93' lang='lat' dir='ltr'><strong>qui</strong></span> <span class='ocrx_word' id='word_1_230' title='bbox 892 3847 948 3911; x_wconf 86' lang='lat' dir='ltr'><strong>vel</strong></span> <span class='ocrx_word' id='word_1_231' title='bbox 961 3865 1078 3910; x_wconf 88' lang='lat' dir='ltr'><strong>secum</strong></span> <span class='ocrx_word' id='word_1_232' title='bbox 1093 3847 1149 3911; x_wconf 89' lang='lat' dir='ltr'><strong>vel</strong></span> 
     </span>
     <span class='ocr_line' id='line_1_34' title="bbox 203 3946 1149 4030; baseline 0.002 -23"><span class='ocrx_word' id='word_1_233' title='bbox 203 3946 257 4008; x_wconf 93' lang='lat' dir='ltr'><strong>sui</strong></span> <span class='ocrx_word' id='word_1_234' title='bbox 272 3965 377 4011; x_wconf 89' lang='lat' dir='ltr'><strong>causa</strong></span> <span class='ocrx_word' id='word_1_235' title='bbox 400 3949 493 4030; x_wconf 91' lang='lat' dir='ltr'><strong>capti</strong></span> <span class='ocrx_word' id='word_1_236' title='bbox 516 3957 631 4010; x_wconf 87' lang='lat' dir='ltr'><strong>essent</strong></span> <span class='ocrx_word' id='word_1_237' title='bbox 654 3947 805 4024; x_wconf 90' lang='lat' dir='ltr'><strong>liberari,</strong></span> <span class='ocrx_word' id='word_1_238' title='bbox 820 3947 855 4009; x_wconf 93' lang='lat' dir='ltr'><strong>id</strong></span> <span class='ocrx_word' id='word_1_239' title='bbox 882 3966 918 4010; x_wconf 90' lang='lat' dir='ltr'><strong>se</strong></span> <span class='ocrx_word' id='word_1_240' title='bbox 940 3965 1041 4029; x_wconf 89' lang='lat' dir='ltr'><strong>posse</strong></span> <span class='ocrx_word' id='word_1_241' title='bbox 1063 3948 1149 4030; x_wconf 87' lang='lat' dir='ltr'><strong>pati.</strong></span> 
     </span>
    </p>
   </div>
   <div class='ocr_carea' id='block_1_6' title="bbox 202 4209 1153 4350">
    <p class='ocr_par' dir='ltr' id='par_1_7' title="bbox 202 4209 1153 4350">
     <span class='ocr_line' id='line_1_35' title="bbox 238 4209 1153 4284; baseline 0.003 -24"><span class='ocrx_word' id='word_1_242' title='bbox 238 4209 467 4284; x_wconf 79' lang='lat' dir='ltr'><strong>¹Proetergresaia.]</strong></span> <span class='ocrx_word' id='word_1_243' title='bbox 480 4217 528 4276; x_wconf 83' lang='lat' dir='ltr'><strong>E.;</strong></span> <span class='ocrx_word' id='word_1_244' title='bbox 541 4230 665 4277; x_wconf 78' lang='lat' dir='ltr'><strong>praegres·</strong></span> <span class='ocrx_word' id='word_1_245' title='bbox 724 4211 735 4244; x_wconf 88' lang='lat'><strong>¹</strong></span> <span class='ocrx_word' id='word_1_246' title='bbox 747 4213 861 4278; x_wconf 60' lang='lat' dir='ltr'><strong>Dilecta]</strong></span> <span class='ocrx_word' id='word_1_247' title='bbox 874 4214 907 4264; x_wconf 84' lang='lat' dir='ltr'><strong>E.</strong></span> <span class='ocrx_word' id='word_1_248' title='bbox 919 4213 1038 4274; x_wconf 81' lang='lat' dir='ltr'><strong>;omittsd</strong></span> <span class='ocrx_word' id='word_1_249' title='bbox 1049 4214 1076 4262; x_wconf 93' lang='lat' dir='ltr'><strong>iu</strong></span> <span class='ocrx_word' id='word_1_250' title='bbox 1088 4214 1153 4264; x_wconf 72' lang='lat' dir='ltr'><strong>S.D,</strong></span> 
     </span>
     <span class='ocr_line' id='line_1_36' title="bbox 202 4282 746 4350; baseline 0.007 -21"><span class='ocrx_word' id='word_1_251' title='bbox 202 4282 405 4350; x_wconf 58' lang='lat' dir='ltr'><strong>amanus.</strong></span> <span class='ocrx_word' id='word_1_252' title='bbox 691 4286 746 4334; x_wconf 75' lang='lat' dir='ltr'><strong>aa.</strong></span> 
     </span>
    </p>
   </div>
   <div class='ocr_carea' id='block_1_7' title="bbox 950 4374 1033 4420">
    <p class='ocr_par' dir='ltr' id='par_1_8' title="bbox 950 4374 1033 4420">
     <span class='ocr_line' id='line_1_37' title="bbox 950 4374 1033 4420; baseline 0.024 -3"><span class='ocrx_word' id='word_1_253' title='bbox 950 4374 1033 4420; x_wconf 74' lang='lat'><strong>³112</strong></span> 
     </span>
    </p>
   </div>
   <div class='ocr_carea' id='block_1_8' title="bbox 0 0 1586 5025">
    <p class='ocr_par' dir='ltr' id='par_1_9' title="bbox 0 0 1586 5025">
     <span class='ocr_line' id='line_1_38' title="bbox 0 0 1586 5025; baseline 0 0"><span class='ocrx_word' id='word_1_254' title='bbox 0 0 1586 5025; x_wconf 95' lang='lat' dir='ltr'><strong> </strong></span> 
     </span>
    </p>
   </div>
  </div>
 </body>
</html>
