3142 5025
449 482 515 545 416
660 494 774 542 666111
799 492 925 540 annun
951 493 1162 541 nunnoauu.
1245 479 1403 559 [1111111.

284 678 403 717 annua
450 654 625 729 sistentes,
648 650 691 715 de
716 650 979 733 insequentibus
1002 649 1156 731 insignes
1175 650 1284 714 cladis
1309 670 1404 714 acer-

451 772 514 817 vos
534 752 708 831 facerant3
743 769 836 827 nam,
860 756 1031 832 occupato
1055 750 1200 828 tumulo,
1228 751 1403 814 Norman-

450 871 527 929 nos,
553 852 667 915 calore
695 869 880 914 succensos
906 851 1033 914 acriter
1063 849 1107 913 ad
1138 851 1317 933 superiora
1350 851 1402 913 ni-

451 959 576 1029 tentes,
604 952 641 1015 in
668 951 794 1015 vallem
824 948 1004 1033 dejiciunt,
1030 949 1167 1031 levique
1196 951 1336 1031 negotio
1366 950 1403 1015 in

450 1052 627 1135 subjectos
642 1051 713 1114 tela
727 1055 942 1133 torquentes
957 1048 1091 1131 lapides
1105 1056 1404 1127 rotantes-omnes

450 1151 496 1214 ad
510 1170 615 1214 unum
629 1150 791 1214 fundunt.
836 1147 926 1213 Item
941 1148 1109 1213 fossatum
1124 1149 1297 1231 quoddam
1312 1170 1402 1233 prae-

451 1260 591 1333 ruptum
616 1249 872 1332 compendiario
894 1256 1033 1313 616616
1057 1250 1121 1312 sibi
1147 1249 1297 1313 transitu
1321 1269 1403 1314 eva-

451 1451 546 1515 mulo
563 1450 771 1513 cadaverum
783 1449 962 1531 planitiem
979 1450 1092 1530 campi
1105 1456 1295 1531 aequarent.
1327 1449 1403 1514 Va·

451 1550 518 1613 luit
545 1550 620 1613 haec
643 1549 857 1624 vicissitudo,
884 1549 986 1612 modo
1005 1548 1086 1624 illis,
1111 1549 1213 1611 modo
1235 1550 1311 1612 istis
1326 1550 1403 1615 vin-

451 1651 621 1726 centibus,
636 1657 805 1731 quantum
818 1642 985 1711 ¹Haroldi
1002 1648 1076 1712 vita
1089 1666 1219 1711 moram
1237 1647 1340 1727 fecit;
1365 1656 1403 1712 at

453 1750 512 1812 ubi
520 1750 620 1833 jactu
636 1750 776 1830 sagittae
792 1748 921 1811 violato
941 1748 1080 1811 cerebro
1100 1748 1296 1829 procubuit,
1317 1748 1402 1830 fuga

453 1846 647 1930 Anglorum
669 1848 831 1931 perennis
858 1848 894 1909 in
923 1855 1024 1912 nocte
1052 1847 1129 1910 fuit.
1182 1848 1332 1911 Emicuit
1355 1849 1403 1912 ihi

451 1948 565 2013 virtus
577 1949 755 2012 amborum
768 1948 907 2011 ducum.

291 2075 431 2135 11616616
504 2048 612 2132 1243.
637 2047 828 2124 Haroldus,
842 2066 910 2111 non
927 2053 1110 2111 contentus
1130 2066 1271 2110 munere
1292 2047 1401 2129 impe·
1427 2039 1430 2045 ’

290 2126 414 2214 iiddiffl‘
451 2150 582 2213 ratorio
597 2155 637 2212 ut
650 2149 846 2211 hortaretur
860 2148 959 2223 61166,
975 2146 1094 2211 militis
1113 2146 1262 2210 officium
1282 2146 1402 2210 sedulo

450 2250 707 2331 exequebatur;
743 2267 838 2329 saepe
864 2246 998 2310 hostem
1027 2247 1184 2310 cominus
1206 2246 1401 2310 venientem

451 2348 564 2426 ferire,
592 2354 632 2412 ut
661 2348 776 2410 nullus
802 2347 942 2428 impune
967 2346 1146 2409 accederet
1173 2346 1256 2428 quin
1282 2349 1402 2411 statim

452 2468 522 2513 uno
536 2448 608 2511 ictu
624 2466 733 2530 equus
748 2457 783 2509 et
798 2465 903 2529 eques
920 2446 1157 2529 prociderent:
1179 2454 1404 2529 quapropter,

452 2556 492 2612 ut
502 2549 592 2626 dixi,
606 2548 739 2612 eminus
753 2546 873 2611 lethali
890 2546 1057 2610 arundine
1071 2547 1161 2610 ictus
1178 2553 1322 2610 mortem
1337 2547 1402 2610 ime

452 2648 570 2729 plevit.
622 2647 645 2711 J
648 2647 779 2712 acentis
797 2645 907 2709 femur
922 2665 1011 2708 unus
1024 2645 1171 2710 militum
1187 2645 1302 2727 gladio
1322 2667 1402 2728 pro-

451 2747 553 2812 scidit
566 2768 574 2827 3
593 2747 683 2810 unde
697 2766 719 2810 6
734 2746 912 2810 Willelmo
927 2746 1125 2826 ignominiae
1141 2752 1295 2822 66161116,
1310 2747 1403 2828 quod

451 2866 525 2910 rem
538 2849 702 2929 ignavam
716 2854 752 2910 et
766 2845 961 2928 pudendam
976 2844 1124 2922 fecisset,
1140 2845 1263 2909 militia
1281 2847 1404 2928 pulsus

450 2954 516 3010 661.

503 3045 610 3129 §244
635 3046 725 3109 Item
741 3045 940 3110 Willelmus
965 3065 1047 3108 suos
1074 3046 1225 3109 clamore
1251 3051 1287 3108 et
1312 3064 1404 3127 prae-

451 3147 565 3210 sentia
585 3145 729 3222 hortari,
749 3146 825 3228 ipse
846 3146 978 3228 primus
998 3164 1211 3228 procurrere,
1228 3145 1403 3210 confertos

451 3245 569 3310 hostes
588 3245 772 3309 invadere:
797 3245 875 3309 ideo
891 3245 972 3308 dum
995 3246 1123 3327 ubique
1145 3244 1258 3321 saevit,
1275 3245 1404 3328 ubique

452 3345 635 3422 infrendet,
652 3352 723 3409 tres
738 3365 848 3428 equos
865 3344 1071 3409 lectissimos
1088 3344 1152 3406 suh
1168 3363 1205 3407 se
1222 3343 1403 3408 confossos

452 3465 495 3508 66
512 3446 567 3509 1116
583 3445 706 3508 amisit.
761 3444 921 3508 Perstitit
937 3451 1053 3508 tamen
1074 3444 1287 3525 magnanimi
1303 3443 1403 3508 ducis

452 3552 487 3608 et
513 3565 639 3628 corpus
661 3544 866 3620 6166111166,
891 3544 1050 3626 quamvis
1074 3543 1235 3606 familiari
1259 3562 1403 3608 susurro

452 3663 474 3709 6
496 3644 697 3710 custodibus
720 3644 873 3726 corporis
896 3650 1139 3722 revocaretur3
1162 3642 1316 3725 perstitit
1331 3642 1405 3730 (in-

452 3743 575 3828 quam)
591 3745 700 3807 donec
714 3745 896 3808 victoriam
914 3743 1049 3825 plenam
1069 3742 1314 3824 superveniens
1331 3761 1404 3806 nox

452 3843 659 3910 infunderet.
712 3844 759 3907 Et
777 3842 1004 3926 proculdubio
1022 3841 1141 3906 divina
1157 3843 1255 3905 illum
1279 3861 1405 3906 manus

452 3945 618 4024 protexit,
634 3951 674 4007 ut
684 3943 768 4007 nihil
778 3943 958 4024 sanguinis
974 3962 1018 4004 ex
1029 3943 1104 4025 ejus
1118 3961 1262 4024 corpore
1273 3934 1404 4006 ²hostis

451 4043 618 4120 hauriret,
633 4063 843 4126 quamquam
857 4043 954 4105 illurn
972 4048 1025 4106 tot
1037 4041 1165 4125 jaculis
1181 4042 1376 4123 impeteret.

486 4230 494 4265 ¹
507 4233 636 4297 1111161111]
653 4233 686 4284 A.
705 4236 735 4284 S.
756 4236 791 4284 D.
812 4237 845 4285 Ε.
865 4233 913 4295 L.;
974 4231 1276 4297 21161116.]11.6’.(1.11.
1290 4235 1407 4298 ΕΜ,

452 4304 576 4365 Haroldo,
588 4305 618 4352 C.
938 4305 1041 4353 omitted
1053 4305 1079 4352 in
1092 4305 1115 4352 Ε
1124 4308 1145 4352 1.
