3142 5025
437 493 503 560 680
652 509 765 559 casua
788 508 917 558 aucun
940 506 1155 557 sucnoauu.
1251 490 1339 573 [nra.
1355 504 1390 551 v,

440 665 487 731 ris
502 666 699 743 translatio,
714 667 820 749 quod,
836 686 856 730 e
869 665 1048 731 mausoleo
1069 665 1236 741 levatum,
1254 663 1389 728 cunctis

439 766 637 831 volentibus
664 766 747 831 lecit
777 766 1014 849 conspicuum.
1080 764 1264 829 Tractavit
1302 762 1389 827 illud

441 884 529 930 ausu
554 866 646 932 salici
673 866 848 931 Radulfus
879 873 962 929 tunc
988 866 1097 929 abbas
1125 864 1234 947 Sagii,
1266 871 1389 947 postea

442 964 641 1031 Cautuariae
659 966 958 1048 archiepiscopum
974 973 1011 1030 et
1024 965 1204 1048 propalam
1217 964 1388 1028 illibatum

440 1066 597 1149 protulit,
627 1065 720 1147 qnod
751 1064 959 1148 quibusdam
991 1064 1144 1130 venisset
1177 1064 1215 1127 in
1247 1064 1388 1128 dubium

442 1172 558 1230 utrum
576 1165 658 1230 olim
672 1164 855 1248 vulgatum
876 1166 989 1231 adhuc
1014 1166 1058 1229 de
1075 1164 1278 1246 integritate
1293 1183 1388 1228 com·

443 1265 581 1348 paginis
595 1259 979 1330 duraret¹miraoulum
1002 1264 1202 1347 Eodemque
1213 1265 1285 1329 sere
1302 1272 1388 1328 tem·

444 1384 528 1447 pore
550 1364 587 1427 in
610 1364 769 1429 Heliensi
790 1366 961 1443 coenobio,
983 1366 1048 1429 sub
1073 1365 1200 1429 abbate
1223 1364 1388 1441 Ricardo,

444 1464 631 1545 virginales
664 1466 801 1530 exuviae
833 1465 945 1529 beatae
979 1463 1206 1529 Etheldrithae
1242 1465 1387 1547 integrae

443 1564 549 1628 visae:
574 1564 770 1629 videntibus
793 1564 927 1647 stupori
946 1572 983 1629 et
1005 1564 1142 1647 plausui
1157 1564 1264 1629 fuere.
1310 1563 1389 1628 Mc-

443 1663 632 1727 nasterium
658 1663 757 1740 illud,
785 1683 896 1748 nuper
920 1684 943 1728 a
967 1684 1048 1747 rege
1074 1662 1229 1728 Henrico
1254 1665 1291 1728 in
1315 1665 1387 1747 epi-

441 1770 623 1846 scopatum
653 1771 837 1841 mutatum,
864 1764 1012 1847 primum
1046 1762 1225 1828 Herveum
1255 1764 1390 1846 accepit

441 1862 661 1946 episcopum
675 1863 747 1946 qui,
762 1883 826 1947 pro
843 1862 988 1946 penuria
1003 1862 1218 1941 victualium,
1235 1863 1388 1927 Bancor·

442 1982 594 2042 ncnsam,
621 1964 681 2027 ubi
702 1963 933 2028 intronizatus
960 1962 1086 2042 fuerat,
1110 1963 1309 2028 deseruerat
1335 1963 1387 2027 lo-

442 2080 541 2127 cum:
560 2070 595 2127 et
609 2082 652 2127 ne
667 2062 895 2127 Lincoliensis
904 2061 1064 2146 pontifex
1077 2064 1272 2127 mutilatam
1288 2081 1388 2126 suam
1451 2106 1454 2109 «

441 2172 643 2244 quereretur
655 2162 844 2241 dioecesim,
867 2182 912 2227 ex
927 2164 1030 2227 rebus
1045 2162 1224 2227 Heliensis
1239 2163 1389 2226 ooenobii

441 2260 605 2325 damnum
619 2282 682 2326 rex
696 2263 851 2340 sarcivit,
861 2262 1038 2346 querelam
1047 2256 1272 2346 'composuit
1295 2262 1389 2327 Sane

441 2362 524 2442 quid
547 2362 622 2446 ejus
637 2369 792 2445 tempore
814 2362 857 2426 de
878 2361 1031 2445 primatu
1050 2363 1196 2427 duorum
1214 2370 1389 2445 metropo-

442 2460 642 2541 litanorum,
661 2460 924 2527 cantuariensis
948 2470 985 2528 et
1001 2460 1243 2541 Eboracensis,
1267 2462 1390 2527 situel

437 2560 585 2644 justitiae
610 2570 820 2646 surreptum,
846 2563 903 2628 vel
933 2563 1099 2628 violentia
1126 2571 1387 2646 praesumptum,

442 2661 555 2725 dicam
579 2681 657 2726 cum
682 2661 727 2726 ad
745 2663 901 2726 ordinem
915 2681 1054 2729 venero.
1104 2662 1128 2727 J
1131 2682 1187 2727 am
1204 2662 1295 2727 enim
1309 2670 1389 2727 ter·

442 2762 573 2826 minata
587 2761 676 2826 serie
691 2782 825 2845 regum,
836 2762 880 2826 de
895 2763 1113 2827 successione
1126 2763 1236 2827 totius
1247 2760 1388 2845 angliae

441 2861 643 2942 pontificum
677 2862 760 2926 mihi
787 2862 889 2927 video
911 2881 989 2927 esse
1017 2862 1220 2942 dicendum3
1256 2864 1293 2927 in
1316 2882 1387 2946 quo

441 2960 573 3024 utinam
598 2959 755 3026 afflueret
780 2962 865 3026 uber
889 2961 1025 3026 dicendi
1046 2963 1158 3046 copia,
1175 2982 1220 3027 ne
1242 2963 1388 3028 ulterius

441 3059 506 3122 snb
532 3059 705 3136 oblivione
726 3061 869 3144 jaceant
896 3069 968 3126 tam
991 3063 1159 3144 praeclara
1185 3063 1308 3145 patriae
1335 3063 1388 3126 lu-

441 3158 567 3224 mina·
598 3159 645 3224 Et
670 3159 808 3242 quidem
833 3168 936 3226 erunt
955 3162 1057 3226 multi
1082 3162 1252 3240 fortassis,
1266 3162 1310 3226 ‘in
1326 3162 1389 3226 di·

439 3259 550 3323 versis
574 3261 772 3342 regionibus
790 3259 940 3343 Angliae,
958 3261 1018 3344 qui
1039 3263 1199 3345 quaedam
1221 3263 1322 3328 aliter
1343 3281 1386 3326 ac

440 3377 504 3441 ago
520 3352 612 3424 ³dixi
628 3379 666 3424 se
688 3361 806 3425 dicant
821 3361 960 3426 audisso
976 3361 1033 3426 vel
1054 3362 1200 3445 legisse:
1223 3369 1390 3427 verunta-

473 3599 672 3668 ¹Mirrca1um.]
699 3603 748 3653 See
769 3607 853 3666 antea,
874 3619 900 3665 p.
942 3603 1018 3652 Illius
1046 3617 1136 3652 nomen
1163 3602 1212 3652 tria
1237 3608 1390 3666 componunt

438 3670 594 3733 ³59,nota‘.
975 3672 1109 3736 elementa,

472 3738 483 3771 ²
496 3735 657 3810 Composuit]
672 3742 742 3792 Here
753 3742 899 3792 terminales
941 3744 973 3793 ln
982 3744 1095 3792 numeris
1104 3757 1211 3804 quorum
1222 3744 1330 3805 primurn
1347 3756 1389 3792 sa·

437 3811 479 3860 the
491 3811 549 3862 MS.
558 3811 680 3861 F.-'l’he
688 3812 900 3875 followinglines,
973 3813 1212 3872 tisindicatnnnm,

436 3880 521 3929 which
538 3895 633 3942 appear
648 3881 727 3930 attho
745 3881 901 3943 conclusion,
941 3883 1044 3932 Ponant
1070 3887 1096 3932 el
1121 3882 1192 3944 leges
1215 3882 1312 3930 numeri
1339 3897 1388 3945 pro

437 3951 548 4000 indicate
576 3951 619 3999 the
640 3952 748 4001 writer’s
774 3966 848 4001 name
875 3958 900 4003 to
974 3952 1246 4015 quinquesecundnm,

436 4019 668 4072 havebeen‘lvo.'
940 4023 968 4071 si
975 4023 1084 4073 Graecus
1095 4022 1189 4072 scribat
1200 4026 1326 4085 postremo
1335 4022 1390 4071 col-

437 4090 588 4151 ‘Scripserit
614 4090 681 4140 hunc
711 4090 804 4140 librum
832 4091 900 4153 quis,
976 4091 1131 4156 ligefinem.'

487 4161 566 4209 lector
576 4160 638 4210 forte
649 4161 777 4224 requiret3

453 4229 572 4280 Exsonat
584 4243 674 4282 sensus
689 4236 716 4280 et
726 4236 807 4281 metra
821 4231 900 4294 legat,
957 4228 1067 4296 wisa]
1078 4230 1113 4281 A.
1122 4230 1152 4282 S.
1163 4232 1193 4282 C.
1207 4231 1241 4282 D.
1253 4232 1278 4282 E
1286 4234 1311 4282 2.
1319 4231 1389 4293 [ὣς

486 4300 638 4350 citodiseet.
923 4302 1131 4352 omittedinEl.
