<?xml version="1.0" encoding="UTF-8"?>
<!DOCTYPE html PUBLIC "-//W3C//DTD XHTML 1.0 Transitional//EN"
    "http://www.w3.org/TR/xhtml1/DTD/xhtml1-transitional.dtd">
<html xmlns="http://www.w3.org/1999/xhtml" xml:lang="en" lang="en">
 <head>
  <title>
</title>
<meta http-equiv="Content-Type" content="text/html;charset=utf-8" />
  <meta name='ocr-system' content='tesseract 3.04.00' />
  <meta name='ocr-capabilities' content='ocr_page ocr_carea ocr_par ocr_line ocrx_word'/>
</head>
<body>
  <div class='ocr_page' id='page_1' title='image "./willelmimalmesb01willgoog_0118.png"; bbox 0 0 3142 5025; ppageno 0'>
   <div class='ocr_carea' id='block_1_1' title="bbox 238 532 1189 614">
    <p class='ocr_par' dir='ltr' id='par_1_1' title="bbox 238 532 1189 614">
     <span class='ocr_line' id='line_1_1' title="bbox 238 532 1189 614; baseline 0.005 -17"><span class='ocrx_word' id='word_1_1' title='bbox 238 532 396 614; x_wconf 80' lang='lat' dir='ltr'>nra.111.]</span> <span class='ocrx_word' id='word_1_2' title='bbox 469 549 583 598; x_wconf 80' lang='lat' dir='ltr'>cnsrs</span> <span class='ocrx_word' id='word_1_3' title='bbox 607 548 734 596; x_wconf 76' lang='lat' dir='ltr'>aucun</span> <span class='ocrx_word' id='word_1_4' title='bbox 757 549 972 599; x_wconf 79' lang='lat' dir='ltr'>nncnoaun.</span> <span class='ocrx_word' id='word_1_5' title='bbox 1123 539 1189 602; x_wconf 79' lang='lat'>475</span> 
     </span>
    </p>
   </div>
   <div class='ocr_carea' id='block_1_2' title="bbox 231 705 1271 3374">
    <p class='ocr_par' dir='ltr' id='par_1_2' title="bbox 231 705 1271 3374">
     <span class='ocr_line' id='line_1_2' title="bbox 236 705 1187 793; baseline 0.008 -25"><span class='ocrx_word' id='word_1_6' title='bbox 236 705 374 770; x_wconf 82' lang='lat' dir='ltr'>francus</span> <span class='ocrx_word' id='word_1_7' title='bbox 390 706 664 772; x_wconf 87' lang='lat' dir='ltr'>Dorobernensis</span> <span class='ocrx_word' id='word_1_8' title='bbox 678 708 957 791; x_wconf 80' lang='lat' dir='ltr'><strong>archiepiscopus</strong></span> <span class='ocrx_word' id='word_1_9' title='bbox 974 728 1079 793; x_wconf 89' lang='lat' dir='ltr'>super</span> <span class='ocrx_word' id='word_1_10' title='bbox 1095 711 1187 776; x_wconf 86' lang='lat' dir='ltr'>Ebo-</span> 
     </span>
     <span class='ocr_line' id='line_1_3' title="bbox 236 807 1187 892; baseline 0.007 -23"><span class='ocrx_word' id='word_1_11' title='bbox 236 825 413 870; x_wconf 91' lang='lat' dir='ltr'>racensem</span> <span class='ocrx_word' id='word_1_12' title='bbox 448 807 628 870; x_wconf 91' lang='lat' dir='ltr'>ecclesiam</span> <span class='ocrx_word' id='word_1_13' title='bbox 653 808 734 891; x_wconf 88' lang='lat' dir='ltr'>jure</span> <span class='ocrx_word' id='word_1_14' title='bbox 765 827 839 872; x_wconf 86' lang='lat' dir='ltr'>suae</span> <span class='ocrx_word' id='word_1_15' title='bbox 867 808 1022 874; x_wconf 83' lang='lat' dir='ltr'>ecclesiae</span> <span class='ocrx_word' id='word_1_16' title='bbox 1050 813 1187 892; x_wconf 91' lang='lat' dir='ltr'>procla-</span> 
     </span>
     <span class='ocr_line' id='line_1_4' title="bbox 235 906 1186 993; baseline 0.006 -25"><span class='ocrx_word' id='word_1_17' title='bbox 235 906 375 984; x_wconf 82' lang='lat' dir='ltr'>mabat3</span> <span class='ocrx_word' id='word_1_18' title='bbox 399 913 435 970; x_wconf 89' lang='lat' dir='ltr'>et</span> <span class='ocrx_word' id='word_1_19' title='bbox 456 906 499 970; x_wconf 91' lang='lat' dir='ltr'>de</span> <span class='ocrx_word' id='word_1_20' title='bbox 519 907 793 971; x_wconf 82' lang='lat' dir='ltr'>ordinationibus</span> <span class='ocrx_word' id='word_1_21' title='bbox 815 909 1031 990; x_wconf 88' lang='lat' dir='ltr'>quorundam</span> <span class='ocrx_word' id='word_1_22' title='bbox 1053 911 1186 993; x_wconf 90' lang='lat' dir='ltr'>episco-</span> 
     </span>
     <span class='ocr_line' id='line_1_5' title="bbox 235 1005 1187 1091; baseline 0.008 -24"><span class='ocrx_word' id='word_1_23' title='bbox 235 1025 370 1088; x_wconf 90' lang='lat' dir='ltr'>porum,</span> <span class='ocrx_word' id='word_1_24' title='bbox 386 1005 428 1069; x_wconf 88' lang='lat' dir='ltr'>de</span> <span class='ocrx_word' id='word_1_25' title='bbox 444 1007 567 1088; x_wconf 92' lang='lat' dir='ltr'>quibus</span> <span class='ocrx_word' id='word_1_26' title='bbox 583 1006 628 1071; x_wconf 94' lang='lat' dir='ltr'>ad</span> <span class='ocrx_word' id='word_1_27' title='bbox 642 1026 744 1089; x_wconf 90' lang='lat' dir='ltr'>quem</span> <span class='ocrx_word' id='word_1_28' title='bbox 760 1008 959 1091; x_wconf 83' lang='lat' dir='ltr'>specialiter</span> <span class='ocrx_word' id='word_1_29' title='bbox 973 1010 1187 1091; x_wconf 82' lang='lat' dir='ltr'>pertinerent</span> 
     </span>
     <span class='ocr_line' id='line_1_6' title="bbox 236 1089 1186 1190; baseline 0.007 -22"><span class='ocrx_word' id='word_1_30' title='bbox 236 1089 367 1168; x_wconf 79' lang='lat' dir='ltr'>certum</span> <span class='ocrx_word' id='word_1_31' title='bbox 386 1106 525 1170; x_wconf 92' lang='lat' dir='ltr'>minime</span> <span class='ocrx_word' id='word_1_32' title='bbox 551 1108 755 1171; x_wconf 84' lang='lat' dir='ltr'>constabat:</span> <span class='ocrx_word' id='word_1_33' title='bbox 779 1115 816 1171; x_wconf 90' lang='lat' dir='ltr'>et</span> <span class='ocrx_word' id='word_1_34' title='bbox 836 1108 976 1171; x_wconf 90' lang='lat' dir='ltr'>tandem</span> <span class='ocrx_word' id='word_1_35' title='bbox 1000 1108 1186 1190; x_wconf 90' lang='lat' dir='ltr'>aliquando</span> 
     </span>
     <span class='ocr_line' id='line_1_7' title="bbox 236 1204 1186 1288; baseline 0.008 -22"><span class='ocrx_word' id='word_1_36' title='bbox 236 1204 381 1268; x_wconf 89' lang='lat' dir='ltr'>diversis</span> <span class='ocrx_word' id='word_1_37' title='bbox 407 1204 622 1270; x_wconf 89' lang='lat' dir='ltr'>diversarum</span> <span class='ocrx_word' id='word_1_38' title='bbox 649 1207 898 1288; x_wconf 90' lang='lat' dir='ltr'>scripturarum</span> <span class='ocrx_word' id='word_1_39' title='bbox 921 1210 1186 1274; x_wconf 89' lang='lat' dir='ltr'>auctoritatibus</span> 
     </span>
     <span class='ocr_line' id='line_1_8' title="bbox 236 1304 1185 1388; baseline 0.008 -23"><span class='ocrx_word' id='word_1_40' title='bbox 236 1304 418 1386; x_wconf 92' lang='lat' dir='ltr'>probatum</span> <span class='ocrx_word' id='word_1_41' title='bbox 444 1313 548 1387; x_wconf 89' lang='lat' dir='ltr'>atque</span> <span class='ocrx_word' id='word_1_42' title='bbox 570 1312 746 1370; x_wconf 89' lang='lat' dir='ltr'>ostensum</span> <span class='ocrx_word' id='word_1_43' title='bbox 767 1306 933 1388; x_wconf 93' lang='lat' dir='ltr'>estquod</span> <span class='ocrx_word' id='word_1_44' title='bbox 957 1307 1185 1373; x_wconf 89' lang='lat' dir='ltr'>Eboracensis</span> 
     </span>
     <span class='ocr_line' id='line_1_9' title="bbox 236 1402 1185 1491; baseline 0.007 -25"><span class='ocrx_word' id='word_1_45' title='bbox 236 1403 382 1467; x_wconf 90' lang='lat' dir='ltr'>ecclesia</span> <span class='ocrx_word' id='word_1_46' title='bbox 406 1402 649 1469; x_wconf 75' lang='lat' dir='ltr'>cantuariensi</span> <span class='ocrx_word' id='word_1_47' title='bbox 676 1405 801 1470; x_wconf 89' lang='lat' dir='ltr'>debeat</span> <span class='ocrx_word' id='word_1_48' title='bbox 821 1406 1012 1490; x_wconf 90' lang='lat' dir='ltr'>subjacere,</span> <span class='ocrx_word' id='word_1_49' title='bbox 1040 1407 1185 1491; x_wconf 90' lang='lat' dir='ltr'>ejusque</span> 
     </span>
     <span class='ocr_line' id='line_1_10' title="bbox 235 1503 1184 1587; baseline 0.006 -22"><span class='ocrx_word' id='word_1_50' title='bbox 235 1503 496 1587; x_wconf 88' lang='lat' dir='ltr'>archiepiscopi,</span> <span class='ocrx_word' id='word_1_51' title='bbox 518 1510 558 1568; x_wconf 93' lang='lat' dir='ltr'>ut</span> <span class='ocrx_word' id='word_1_52' title='bbox 578 1505 736 1586; x_wconf 88' lang='lat' dir='ltr'>primatis</span> <span class='ocrx_word' id='word_1_53' title='bbox 760 1506 869 1569; x_wconf 90' lang='lat' dir='ltr'>totius</span> <span class='ocrx_word' id='word_1_54' title='bbox 884 1505 1091 1584; x_wconf 83' lang='lat' dir='ltr'>Britanniae,</span> <span class='ocrx_word' id='word_1_55' title='bbox 1114 1507 1184 1571; x_wconf 92' lang='lat' dir='ltr'>dis·</span> 
     </span>
     <span class='ocr_line' id='line_1_11' title="bbox 234 1603 1184 1688; baseline 0.007 -23"><span class='ocrx_word' id='word_1_56' title='bbox 234 1603 474 1683; x_wconf 88' lang='lat' dir='ltr'>positionibus,</span> <span class='ocrx_word' id='word_1_57' title='bbox 496 1603 533 1666; x_wconf 92' lang='lat' dir='ltr'>in</span> <span class='ocrx_word' id='word_1_58' title='bbox 558 1604 601 1666; x_wconf 93' lang='lat' dir='ltr'>iis</span> <span class='ocrx_word' id='word_1_59' title='bbox 626 1623 705 1687; x_wconf 86' lang='lat' dir='ltr'>quae</span> <span class='ocrx_word' id='word_1_60' title='bbox 726 1605 770 1668; x_wconf 90' lang='lat' dir='ltr'>ad</span> <span class='ocrx_word' id='word_1_61' title='bbox 794 1604 1027 1670; x_wconf 87' lang='lat' dir='ltr'>Christianam</span> <span class='ocrx_word' id='word_1_62' title='bbox 1045 1607 1184 1688; x_wconf 84' lang='lat' dir='ltr'>religio·</span> 
     </span>
     <span class='ocr_line' id='line_1_12' title="bbox 235 1704 1183 1791; baseline 0.005 -26"><span class='ocrx_word' id='word_1_63' title='bbox 235 1721 313 1765; x_wconf 92' lang='lat' dir='ltr'>nem</span> <span class='ocrx_word' id='word_1_64' title='bbox 343 1704 529 1784; x_wconf 88' lang='lat' dir='ltr'>pertinent,</span> <span class='ocrx_word' id='word_1_65' title='bbox 559 1704 595 1767; x_wconf 94' lang='lat' dir='ltr'>in</span> <span class='ocrx_word' id='word_1_66' title='bbox 630 1705 788 1768; x_wconf 90' lang='lat' dir='ltr'>omnibus</span> <span class='ocrx_word' id='word_1_67' title='bbox 822 1705 973 1772; x_wconf 88' lang='lat' dir='ltr'>obedire.</span> <span class='ocrx_word' id='word_1_68' title='bbox 1039 1707 1183 1791; x_wconf 89' lang='lat' dir='ltr'>Subjec-</span> 
     </span>
     <span class='ocr_line' id='line_1_13' title="bbox 233 1801 1182 1882; baseline 0.005 -18"><span class='ocrx_word' id='word_1_69' title='bbox 233 1801 364 1865; x_wconf 90' lang='lat' dir='ltr'>tionem</span> <span class='ocrx_word' id='word_1_70' title='bbox 393 1822 477 1867; x_wconf 87' lang='lat' dir='ltr'>vero</span> <span class='ocrx_word' id='word_1_71' title='bbox 505 1802 762 1882; x_wconf 90' lang='lat' dir='ltr'>Dunelmensis,</span> <span class='ocrx_word' id='word_1_72' title='bbox 799 1804 864 1868; x_wconf 94' lang='lat' dir='ltr'>hoc</span> <span class='ocrx_word' id='word_1_73' title='bbox 893 1812 959 1882; x_wconf 92' lang='lat' dir='ltr'>est,</span> <span class='ocrx_word' id='word_1_74' title='bbox 990 1804 1182 1870; x_wconf 86' lang='lat' dir='ltr'>Lindisfar·</span> 
     </span>
     <span class='ocr_line' id='line_1_14' title="bbox 234 1902 1271 1985; baseline 0.006 -22"><span class='ocrx_word' id='word_1_75' title='bbox 234 1902 350 1964; x_wconf 85' lang='lat' dir='ltr'>nensis</span> <span class='ocrx_word' id='word_1_76' title='bbox 371 1903 536 1984; x_wconf 87' lang='lat' dir='ltr'>episcopi,</span> <span class='ocrx_word' id='word_1_77' title='bbox 561 1909 665 1985; x_wconf 91' lang='lat' dir='ltr'>atque</span> <span class='ocrx_word' id='word_1_78' title='bbox 687 1904 840 1967; x_wconf 92' lang='lat' dir='ltr'>omnium</span> <span class='ocrx_word' id='word_1_79' title='bbox 862 1905 1041 1985; x_wconf 78' lang='lat' dir='ltr'>regionum</span> <span class='ocrx_word' id='word_1_80' title='bbox 1069 1925 1092 1969; x_wconf 91' lang='lat' dir='ltr'>a</span> <span class='ocrx_word' id='word_1_81' title='bbox 1113 1914 1183 1970; x_wconf 89' lang='lat' dir='ltr'>ter·</span> <span class='ocrx_word' id='word_1_82' title='bbox 1249 1920 1271 1933; x_wconf 52' lang='lat'>⁸</span> 
     </span>
     <span class='ocr_line' id='line_1_15' title="bbox 233 2001 1180 2088; baseline 0.005 -24"><span class='ocrx_word' id='word_1_83' title='bbox 233 2001 336 2064; x_wconf 91' lang='lat' dir='ltr'>minis</span> <span class='ocrx_word' id='word_1_84' title='bbox 355 2001 593 2066; x_wconf 87' lang='lat' dir='ltr'>Licifeldensis</span> <span class='ocrx_word' id='word_1_85' title='bbox 609 2003 788 2085; x_wconf 88' lang='lat' dir='ltr'>episcopii,</span> <span class='ocrx_word' id='word_1_86' title='bbox 801 2011 837 2068; x_wconf 90' lang='lat' dir='ltr'>et</span> <span class='ocrx_word' id='word_1_87' title='bbox 855 2002 1038 2068; x_wconf 87' lang='lat' dir='ltr'>Humbriae</span> <span class='ocrx_word' id='word_1_88' title='bbox 1064 2008 1180 2088; x_wconf 77' lang='lat' dir='ltr'>magni</span> 
     </span>
     <span class='ocr_line' id='line_1_16' title="bbox 233 2100 1183 2188; baseline 0.007 -26"><span class='ocrx_word' id='word_1_89' title='bbox 233 2100 343 2178; x_wconf 92' lang='lat' dir='ltr'>fluvii,</span> <span class='ocrx_word' id='word_1_90' title='bbox 364 2121 474 2183; x_wconf 90' lang='lat' dir='ltr'>usque</span> <span class='ocrx_word' id='word_1_91' title='bbox 499 2102 542 2165; x_wconf 92' lang='lat' dir='ltr'>ad</span> <span class='ocrx_word' id='word_1_92' title='bbox 565 2108 738 2166; x_wconf 87' lang='lat' dir='ltr'>extremos</span> <span class='ocrx_word' id='word_1_93' title='bbox 763 2103 889 2167; x_wconf 90' lang='lat' dir='ltr'>Scotiae</span> <span class='ocrx_word' id='word_1_94' title='bbox 912 2103 1010 2182; x_wconf 89' lang='lat' dir='ltr'>fines,</span> <span class='ocrx_word' id='word_1_95' title='bbox 1034 2112 1069 2168; x_wconf 92' lang='lat' dir='ltr'>et</span> <span class='ocrx_word' id='word_1_96' title='bbox 1086 2107 1183 2188; x_wconf 89' lang='lat' dir='ltr'>quic-</span> 
     </span>
     <span class='ocr_line' id='line_1_17' title="bbox 232 2199 1183 2286; baseline 0.005 -23"><span class='ocrx_word' id='word_1_97' title='bbox 232 2199 316 2282; x_wconf 89' lang='lat' dir='ltr'>quid</span> <span class='ocrx_word' id='word_1_98' title='bbox 332 2201 456 2265; x_wconf 88' lang='lat' dir='ltr'>ex·hac</span> <span class='ocrx_word' id='word_1_99' title='bbox 469 2209 568 2284; x_wconf 88' lang='lat' dir='ltr'>parte</span> <span class='ocrx_word' id='word_1_100' title='bbox 584 2202 740 2284; x_wconf 81' lang='lat' dir='ltr'>praedicti</span> <span class='ocrx_word' id='word_1_101' title='bbox 754 2202 905 2266; x_wconf 91' lang='lat' dir='ltr'>fluminis</span> <span class='ocrx_word' id='word_1_102' title='bbox 921 2203 965 2266; x_wconf 90' lang='lat' dir='ltr'>ad</span> <span class='ocrx_word' id='word_1_103' title='bbox 983 2205 1183 2286; x_wconf 89' lang='lat' dir='ltr'>parochiam</span> 
     </span>
     <span class='ocr_line' id='line_1_18' title="bbox 232 2299 1182 2385; baseline 0.005 -23"><span class='ocrx_word' id='word_1_104' title='bbox 232 2299 460 2364; x_wconf 90' lang='lat' dir='ltr'>Eboracensis</span> <span class='ocrx_word' id='word_1_105' title='bbox 497 2301 651 2364; x_wconf 86' lang='lat' dir='ltr'>ecciesiae</span> <span class='ocrx_word' id='word_1_106' title='bbox 682 2301 762 2385; x_wconf 90' lang='lat' dir='ltr'>jure</span> <span class='ocrx_word' id='word_1_107' title='bbox 790 2303 967 2384; x_wconf 89' lang='lat' dir='ltr'>competit,</span> <span class='ocrx_word' id='word_1_108' title='bbox 997 2301 1182 2367; x_wconf 86' lang='lat' dir='ltr'>Cantuari-</span> 
     </span>
     <span class='ocr_line' id='line_1_19' title="bbox 232 2399 1182 2486; baseline 0.008 -26"><span class='ocrx_word' id='word_1_109' title='bbox 232 2399 324 2461; x_wconf 94' lang='lat' dir='ltr'>ensis</span> <span class='ocrx_word' id='word_1_110' title='bbox 355 2400 641 2482; x_wconf 83' lang='lat' dir='ltr'>metropolitanus</span> <span class='ocrx_word' id='word_1_111' title='bbox 676 2400 887 2464; x_wconf 87' lang='lat' dir='ltr'>Eboracensi</span> <span class='ocrx_word' id='word_1_112' title='bbox 922 2402 1182 2486; x_wconf 89' lang='lat' dir='ltr'>archiepiscopo</span> 
     </span>
     <span class='ocr_line' id='line_1_20' title="bbox 231 2498 1183 2583; baseline 0.008 -22"><span class='ocrx_word' id='word_1_113' title='bbox 231 2498 375 2583; x_wconf 90' lang='lat' dir='ltr'>ejusque</span> <span class='ocrx_word' id='word_1_114' title='bbox 389 2500 645 2565; x_wconf 87' lang='lat' dir='ltr'>successoribus</span> <span class='ocrx_word' id='word_1_115' title='bbox 660 2501 816 2565; x_wconf 88' lang='lat' dir='ltr'>obtinere</span> <span class='ocrx_word' id='word_1_116' title='bbox 833 2502 1015 2565; x_wconf 90' lang='lat' dir='ltr'>concessit.</span> <span class='ocrx_word' id='word_1_117' title='bbox 1068 2501 1126 2567; x_wconf 88' lang='lat' dir='ltr'>Ita</span> <span class='ocrx_word' id='word_1_118' title='bbox 1143 2511 1183 2569; x_wconf 91' lang='lat' dir='ltr'>ut</span> 
     </span>
     <span class='ocr_line' id='line_1_21' title="bbox 232 2598 1182 2686; baseline 0.005 -24"><span class='ocrx_word' id='word_1_119' title='bbox 232 2599 262 2662; x_wconf 91' lang='lat' dir='ltr'>si</span> <span class='ocrx_word' id='word_1_120' title='bbox 277 2598 536 2664; x_wconf 84' lang='lat' dir='ltr'>Cantuariensis</span> <span class='ocrx_word' id='word_1_121' title='bbox 559 2600 839 2686; x_wconf 88' lang='lat' dir='ltr'>archiepiscopus</span> <span class='ocrx_word' id='word_1_122' title='bbox 861 2602 1044 2665; x_wconf 88' lang='lat' dir='ltr'>concilium</span> <span class='ocrx_word' id='word_1_123' title='bbox 1059 2621 1182 2685; x_wconf 84' lang='lat' dir='ltr'>cogere</span> 
     </span>
     <span class='ocr_line' id='line_1_22' title="bbox 235 2699 1182 2781; baseline 0.005 -20"><span class='ocrx_word' id='word_1_124' title='bbox 235 2699 392 2777; x_wconf 88' lang='lat' dir='ltr'>voluerit,</span> <span class='ocrx_word' id='word_1_125' title='bbox 417 2700 613 2781; x_wconf 90' lang='lat' dir='ltr'>ubicunque</span> <span class='ocrx_word' id='word_1_126' title='bbox 627 2701 740 2764; x_wconf 88' lang='lat' dir='ltr'>visum</span> <span class='ocrx_word' id='word_1_127' title='bbox 763 2701 796 2763; x_wconf 92' lang='lat' dir='ltr'>ei</span> <span class='ocrx_word' id='word_1_128' title='bbox 814 2700 929 2778; x_wconf 82' lang='lat' dir='ltr'>fuerit,</span> <span class='ocrx_word' id='word_1_129' title='bbox 952 2702 1182 2767; x_wconf 86' lang='lat' dir='ltr'>Eboracensis</span> 
     </span>
     <span class='ocr_line' id='line_1_23' title="bbox 232 2798 1183 2882; baseline 0.005 -21"><span class='ocrx_word' id='word_1_130' title='bbox 232 2798 509 2882; x_wconf 87' lang='lat' dir='ltr'>archiepiscopus</span> <span class='ocrx_word' id='word_1_131' title='bbox 532 2800 587 2863; x_wconf 91' lang='lat' dir='ltr'>sui</span> <span class='ocrx_word' id='word_1_132' title='bbox 607 2801 829 2882; x_wconf 80' lang='lat' dir='ltr'>praesentiam</span> <span class='ocrx_word' id='word_1_133' title='bbox 843 2820 920 2864; x_wconf 92' lang='lat' dir='ltr'>cum</span> <span class='ocrx_word' id='word_1_134' title='bbox 935 2802 1094 2865; x_wconf 91' lang='lat' dir='ltr'>omnibus</span> <span class='ocrx_word' id='word_1_135' title='bbox 1116 2803 1183 2866; x_wconf 92' lang='lat' dir='ltr'>sibi</span> 
     </span>
     <span class='ocr_line' id='line_1_24' title="bbox 232 2897 1181 2984; baseline 0.006 -25"><span class='ocrx_word' id='word_1_136' title='bbox 232 2897 396 2982; x_wconf 91' lang='lat' dir='ltr'>subjectis</span> <span class='ocrx_word' id='word_1_137' title='bbox 419 2900 463 2962; x_wconf 94' lang='lat' dir='ltr'>ad</span> <span class='ocrx_word' id='word_1_138' title='bbox 486 2906 608 2963; x_wconf 90' lang='lat' dir='ltr'>nutum</span> <span class='ocrx_word' id='word_1_139' title='bbox 630 2899 706 2983; x_wconf 89' lang='lat' dir='ltr'>ejus</span> <span class='ocrx_word' id='word_1_140' title='bbox 729 2899 903 2977; x_wconf 86' lang='lat' dir='ltr'>exhibeat,</span> <span class='ocrx_word' id='word_1_141' title='bbox 920 2908 956 2964; x_wconf 89' lang='lat' dir='ltr'>ct</span> <span class='ocrx_word' id='word_1_142' title='bbox 978 2900 1054 2984; x_wconf 89' lang='lat' dir='ltr'>ejus</span> <span class='ocrx_word' id='word_1_143' title='bbox 1076 2920 1181 2965; x_wconf 93' lang='lat' dir='ltr'>cano-</span> 
     </span>
     <span class='ocr_line' id='line_1_25' title="bbox 232 2998 1182 3081; baseline 0.005 -21"><span class='ocrx_word' id='word_1_144' title='bbox 232 2998 319 3061; x_wconf 90' lang='lat' dir='ltr'>nicis</span> <span class='ocrx_word' id='word_1_145' title='bbox 355 2998 637 3081; x_wconf 89' lang='lat' dir='ltr'>dispositionibus</span> <span class='ocrx_word' id='word_1_146' title='bbox 674 3000 838 3063; x_wconf 92' lang='lat' dir='ltr'>obediens</span> <span class='ocrx_word' id='word_1_147' title='bbox 869 3001 1011 3063; x_wconf 86' lang='lat' dir='ltr'>existat.</span> <span class='ocrx_word' id='word_1_148' title='bbox 1077 3000 1182 3079; x_wconf 85' lang='lat' dir='ltr'>Quod</span> 
     </span>
     <span class='ocr_line' id='line_1_26' title="bbox 232 3098 1182 3183; baseline 0.003 -23"><span class='ocrx_word' id='word_1_149' title='bbox 232 3104 349 3161; x_wconf 89' lang='lat' dir='ltr'>autem</span> <span class='ocrx_word' id='word_1_150' title='bbox 378 3098 606 3162; x_wconf 87' lang='lat' dir='ltr'>Eboracensis</span> <span class='ocrx_word' id='word_1_151' title='bbox 636 3098 913 3183; x_wconf 87' lang='lat' dir='ltr'>archiepiscopus</span> <span class='ocrx_word' id='word_1_152' title='bbox 935 3099 1182 3183; x_wconf 88' lang='lat' dir='ltr'>professionem</span> 
     </span>
     <span class='ocr_line' id='line_1_27' title="bbox 235 3193 1181 3286; baseline 0.003 -26"><span class='ocrx_word' id='word_1_153' title='bbox 235 3196 478 3262; x_wconf 87' lang='lat' dir='ltr'>Cantuariensi</span> <span class='ocrx_word' id='word_1_154' title='bbox 515 3198 772 3281; x_wconf 87' lang='lat' dir='ltr'>archiepiscopo</span> <span class='ocrx_word' id='word_1_155' title='bbox 803 3193 924 3286; x_wconf 85' lang='lat' dir='ltr'>¹etiam</span> <span class='ocrx_word' id='word_1_156' title='bbox 957 3219 1036 3263; x_wconf 91' lang='lat' dir='ltr'>cum</span> <span class='ocrx_word' id='word_1_157' title='bbox 1067 3218 1181 3265; x_wconf 86' lang='lat' dir='ltr'>sacra-</span> 
     </span>
     <span class='ocr_line' id='line_1_28' title="bbox 232 3296 1182 3374; baseline 0.005 -16"><span class='ocrx_word' id='word_1_158' title='bbox 232 3303 348 3361; x_wconf 89' lang='lat' dir='ltr'>mento</span> <span class='ocrx_word' id='word_1_159' title='bbox 373 3297 486 3361; x_wconf 86' lang='lat' dir='ltr'>facere</span> <span class='ocrx_word' id='word_1_160' title='bbox 509 3297 645 3374; x_wconf 91' lang='lat' dir='ltr'>debeat,</span> <span class='ocrx_word' id='word_1_161' title='bbox 669 3296 884 3362; x_wconf 83' lang='lat' dir='ltr'>Lanirancus</span> <span class='ocrx_word' id='word_1_162' title='bbox 908 3299 1182 3363; x_wconf 91' lang='lat' dir='ltr'>Dorobernensis</span> 
     </span>
    </p>
   </div>
   <div class='ocr_carea' id='block_1_3' title="bbox 229 3579 1182 4411">
    <p class='ocr_par' dir='ltr' id='par_1_3' title="bbox 229 3579 1182 4201">
     <span class='ocr_line' id='line_1_29' title="bbox 231 3579 1182 3643; baseline 0 -15"><span class='ocrx_word' id='word_1_163' title='bbox 231 3583 257 3628; x_wconf 89' lang='lat' dir='ltr'>et</span> <span class='ocrx_word' id='word_1_164' title='bbox 278 3579 414 3642; x_wconf 83' lang='lat' dir='ltr'>disciplina</span> <span class='ocrx_word' id='word_1_165' title='bbox 442 3580 571 3641; x_wconf 76' lang='lat' dir='ltr'>subiectis.</span> <span class='ocrx_word' id='word_1_166' title='bbox 619 3581 693 3631; x_wconf 88' lang='lat' dir='ltr'>Post·</span> <span class='ocrx_word' id='word_1_167' title='bbox 717 3597 767 3643; x_wconf 93' lang='lat' dir='ltr'>quo</span> <span class='ocrx_word' id='word_1_168' title='bbox 779 3587 835 3631; x_wconf 80' lang='lat' dir='ltr'>tuta</span> <span class='ocrx_word' id='word_1_169' title='bbox 846 3584 916 3632; x_wconf 85' lang='lat' dir='ltr'>fieret</span> <span class='ocrx_word' id='word_1_170' title='bbox 926 3582 991 3630; x_wconf 88' lang='lat' dir='ltr'>inter</span> <span class='ocrx_word' id='word_1_171' title='bbox 1001 3580 1127 3641; x_wconf 87' lang='lat' dir='ltr'>improbos</span> <span class='ocrx_word' id='word_1_172' title='bbox 1144 3580 1182 3628; x_wconf 92' lang='lat' dir='ltr'>in·</span> 
     </span>
     <span class='ocr_line' id='line_1_30' title="bbox 232 3650 1182 3713; baseline 0.001 -15"><span class='ocrx_word' id='word_1_173' title='bbox 232 3664 308 3710; x_wconf 87' lang='lat' dir='ltr'>quam</span> <span class='ocrx_word' id='word_1_174' title='bbox 325 3651 392 3698; x_wconf 88' lang='lat' dir='ltr'>euim</span> <span class='ocrx_word' id='word_1_175' title='bbox 414 3650 448 3698; x_wconf 90' lang='lat' dir='ltr'>ad</span> <span class='ocrx_word' id='word_1_176' title='bbox 466 3650 568 3711; x_wconf 80' lang='lat' dir='ltr'>singula</span> <span class='ocrx_word' id='word_1_177' title='bbox 584 3666 692 3713; x_wconf 69' lang='lat' dir='ltr'>quaeque</span> <span class='ocrx_word' id='word_1_178' title='bbox 717 3654 842 3702; x_wconf 87' lang='lat' dir='ltr'>nocentia.</span> <span class='ocrx_word' id='word_1_179' title='bbox 878 3652 912 3701; x_wconf 86' lang='lat' dir='ltr'>Et</span> <span class='ocrx_word' id='word_1_180' title='bbox 934 3665 998 3712; x_wconf 91' lang='lat' dir='ltr'>quos</span> <span class='ocrx_word' id='word_1_181' title='bbox 1020 3652 1077 3711; x_wconf 92' lang='lat' dir='ltr'>ipsa</span> <span class='ocrx_word' id='word_1_182' title='bbox 1098 3651 1182 3711; x_wconf 92' lang='lat' dir='ltr'>probi·</span> 
     </span>
     <span class='ocr_line' id='line_1_31' title="bbox 231 3720 1180 3782; baseline 0 -15"><span class='ocrx_word' id='word_1_183' title='bbox 231 3734 312 3781; x_wconf 83' lang='lat' dir='ltr'>sagax</span> <span class='ocrx_word' id='word_1_184' title='bbox 334 3720 462 3767; x_wconf 91' lang='lat' dir='ltr'>hominum</span> <span class='ocrx_word' id='word_1_185' title='bbox 487 3722 629 3781; x_wconf 85' lang='lat' dir='ltr'>penetravit</span> <span class='ocrx_word' id='word_1_186' title='bbox 657 3723 693 3770; x_wconf 92' lang='lat' dir='ltr'>in·</span> <span class='ocrx_word' id='word_1_187' title='bbox 716 3723 776 3771; x_wconf 83' lang='lat' dir='ltr'>tutis</span> <span class='ocrx_word' id='word_1_188' title='bbox 804 3722 959 3770; x_wconf 83' lang='lat' dir='ltr'>hortamenta</span> <span class='ocrx_word' id='word_1_189' title='bbox 984 3733 1033 3768; x_wconf 93' lang='lat' dir='ltr'>non</span> <span class='ocrx_word' id='word_1_190' title='bbox 1060 3720 1180 3782; x_wconf 85' lang='lat' dir='ltr'>excitant,</span> 
     </span>
     <span class='ocr_line' id='line_1_32' title="bbox 233 3789 1181 3853; baseline 0 -15"><span class='ocrx_word' id='word_1_191' title='bbox 233 3790 321 3853; x_wconf 74' lang='lat' dir='ltr'>anuo,</span> <span class='ocrx_word' id='word_1_192' title='bbox 343 3795 369 3838; x_wconf 90' lang='lat' dir='ltr'>et</span> <span class='ocrx_word' id='word_1_193' title='bbox 390 3790 468 3839; x_wconf 91' lang='lat' dir='ltr'>nichil</span> <span class='ocrx_word' id='word_1_194' title='bbox 491 3790 524 3838; x_wconf 88' lang='lat' dir='ltr'>ad</span> <span class='ocrx_word' id='word_1_195' title='bbox 551 3792 694 3851; x_wconf 89' lang='lat' dir='ltr'>pecuniam,</span> <span class='ocrx_word' id='word_1_196' title='bbox 717 3792 807 3840; x_wconf 86' lang='lat' dir='ltr'>saitem</span> <span class='ocrx_word' id='word_1_197' title='bbox 834 3791 1013 3851; x_wconf 86' lang='lat' dir='ltr'>conquiescant</span> <span class='ocrx_word' id='word_1_198' title='bbox 1041 3789 1075 3837; x_wconf 93' lang='lat' dir='ltr'>ad</span> <span class='ocrx_word' id='word_1_199' title='bbox 1096 3804 1181 3849; x_wconf 70' lang='lat' dir='ltr'>poena</span> 
     </span>
     <span class='ocr_line' id='line_1_33' title="bbox 230 3858 1182 3923; baseline -0.001 -16"><span class='ocrx_word' id='word_1_200' title='bbox 230 3860 314 3908; x_wconf 81' lang='lat' dir='ltr'>risum</span> <span class='ocrx_word' id='word_1_201' title='bbox 335 3863 375 3908; x_wconf 91' lang='lat' dir='ltr'>est</span> <span class='ocrx_word' id='word_1_202' title='bbox 395 3859 588 3923; x_wconf 88' lang='lat' dir='ltr'>incommodum,</span> <span class='ocrx_word' id='word_1_203' title='bbox 615 3863 694 3909; x_wconf 84' lang='lat' dir='ltr'>crevit</span> <span class='ocrx_word' id='word_1_204' title='bbox 717 3860 883 3910; x_wconf 83' lang='lat' dir='ltr'>formidinem.</span> <span class='ocrx_word' id='word_1_205' title='bbox 921 3858 1182 3920; x_wconf 74' lang='lat' dir='ltr'>Iex,alianaturalis,</span> 
     </span>
     <span class='ocr_line' id='line_1_34' title="bbox 231 3927 1181 3991; baseline -0.002 -14"><span class='ocrx_word' id='word_1_206' title='bbox 231 3929 693 3991; x_wconf 82' lang='lat' dir='ltr'>opulentia,creritimidia,erinvi-</span> <span class='ocrx_word' id='word_1_207' title='bbox 717 3946 775 3991; x_wconf 91' lang='lat' dir='ltr'>quae</span> <span class='ocrx_word' id='word_1_208' title='bbox 804 3931 874 3991; x_wconf 91' lang='lat' dir='ltr'>apud</span> <span class='ocrx_word' id='word_1_209' title='bbox 901 3943 986 3977; x_wconf 91' lang='lat' dir='ltr'>omnes</span> <span class='ocrx_word' id='word_1_210' title='bbox 1013 3927 1102 3975; x_wconf 88' lang='lat' dir='ltr'>eadem</span> <span class='ocrx_word' id='word_1_211' title='bbox 1126 3932 1181 3987; x_wconf 89' lang='lat' dir='ltr'>est;</span> 
     </span>
     <span class='ocr_line' id='line_1_35' title="bbox 232 3996 1181 4061; baseline -0.001 -15"><span class='ocrx_word' id='word_1_212' title='bbox 232 3998 276 4047; x_wconf 88' lang='lat' dir='ltr'>dia</span> <span class='ocrx_word' id='word_1_213' title='bbox 287 3999 383 4060; x_wconf 89' lang='lat' dir='ltr'>odium,</span> <span class='ocrx_word' id='word_1_214' title='bbox 394 4014 426 4048; x_wconf 86' lang='lat' dir='ltr'>ex</span> <span class='ocrx_word' id='word_1_215' title='bbox 437 4000 495 4048; x_wconf 89' lang='lat' dir='ltr'>odio</span> <span class='ocrx_word' id='word_1_216' title='bbox 513 4000 617 4061; x_wconf 72' lang='lat' dir='ltr'>belham,</span> <span class='ocrx_word' id='word_1_217' title='bbox 628 4001 692 4049; x_wconf 88' lang='lat' dir='ltr'>nuili</span> <span class='ocrx_word' id='word_1_218' title='bbox 717 4002 769 4049; x_wconf 87' lang='lat' dir='ltr'>alia</span> <span class='ocrx_word' id='word_1_219' title='bbox 786 3999 986 4061; x_wconf 85' lang='lat' dir='ltr'>consuetudinis,</span> <span class='ocrx_word' id='word_1_220' title='bbox 996 4000 1023 4045; x_wconf 91' lang='lat' dir='ltr'>in</span> <span class='ocrx_word' id='word_1_221' title='bbox 1034 4012 1086 4058; x_wconf 90' lang='lat' dir='ltr'>qua</span> <span class='ocrx_word' id='word_1_222' title='bbox 1104 3996 1181 4046; x_wconf 87' lang='lat' dir='ltr'>habet</span> 
     </span>
     <span class='ocr_line' id='line_1_36' title="bbox 229 4067 1181 4131; baseline -0.003 -14"><span class='ocrx_word' id='word_1_223' title='bbox 229 4069 302 4130; x_wconf 80' lang='lat' dir='ltr'>fides,</span> <span class='ocrx_word' id='word_1_224' title='bbox 309 4069 373 4117; x_wconf 88' lang='lat' dir='ltr'>nulli</span> <span class='ocrx_word' id='word_1_225' title='bbox 383 4069 479 4131; x_wconf 87' lang='lat' dir='ltr'>profuit</span> <span class='ocrx_word' id='word_1_226' title='bbox 487 4070 654 4131; x_wconf 81' lang='lat' dir='ltr'>eleemosyna.</span> <span class='ocrx_word' id='word_1_227' title='bbox 666 4071 693 4119; x_wconf 88' lang='lat' dir='ltr'>si</span> <span class='ocrx_word' id='word_1_228' title='bbox 717 4085 871 4131; x_wconf 89' lang='lat' dir='ltr'>unaquaque</span> <span class='ocrx_word' id='word_1_229' title='bbox 890 4070 974 4130; x_wconf 85' lang='lat' dir='ltr'>patria</span> <span class='ocrx_word' id='word_1_230' title='bbox 991 4081 1066 4116; x_wconf 90' lang='lat' dir='ltr'>suurn</span> <span class='ocrx_word' id='word_1_231' title='bbox 1082 4067 1181 4127; x_wconf 86' lang='lat' dir='ltr'>aliquid</span> 
     </span>
     <span class='ocr_line' id='line_1_37' title="bbox 231 4140 866 4201; baseline 0.003 -15"><span class='ocrx_word' id='word_1_232' title='bbox 231 4152 283 4199; x_wconf 90' lang='lat' dir='ltr'>qua</span> <span class='ocrx_word' id='word_1_233' title='bbox 301 4144 384 4187; x_wconf 86' lang='lat' dir='ltr'>tamen</span> <span class='ocrx_word' id='word_1_234' title='bbox 405 4140 499 4187; x_wconf 87' lang='lat' dir='ltr'>nativae</span> <span class='ocrx_word' id='word_1_235' title='bbox 520 4140 639 4188; x_wconf 86' lang='lat' dir='ltr'>bonitatis</span> <span class='ocrx_word' id='word_1_236' title='bbox 656 4154 694 4188; x_wconf 88' lang='lat' dir='ltr'>re·</span> <span class='ocrx_word' id='word_1_237' title='bbox 717 4140 866 4201; x_wconf 68' lang='lat' dir='ltr'>proprium!</span> 
     </span>
    </p>

    <p class='ocr_par' dir='ltr' id='par_1_4' title="bbox 230 4209 693 4270">
     <span class='ocr_line' id='line_1_38' title="bbox 230 4209 693 4270; baseline 0.002 -14"><span class='ocrx_word' id='word_1_238' title='bbox 230 4213 373 4257; x_wconf 86' lang='lat' dir='ltr'>manserant</span> <span class='ocrx_word' id='word_1_239' title='bbox 400 4209 560 4270; x_wconf 89' lang='lat' dir='ltr'>monimenta,</span> <span class='ocrx_word' id='word_1_240' title='bbox 588 4223 693 4258; x_wconf 84' lang='lat' dir='ltr'>sanxere</span> 
     </span>
    </p>

    <p class='ocr_par' dir='ltr' id='par_1_5' title="bbox 229 4276 1180 4411">
     <span class='ocr_line' id='line_1_39' title="bbox 230 4276 1180 4340; baseline 0.001 -14"><span class='ocrx_word' id='word_1_241' title='bbox 230 4278 301 4339; x_wconf 80' lang='lat' dir='ltr'>leges</span> <span class='ocrx_word' id='word_1_242' title='bbox 328 4284 353 4327; x_wconf 86' lang='lat' dir='ltr'>et</span> <span class='ocrx_word' id='word_1_243' title='bbox 379 4279 481 4327; x_wconf 84' lang='lat' dir='ltr'>vivendi</span> <span class='ocrx_word' id='word_1_244' title='bbox 505 4280 575 4340; x_wconf 87' lang='lat' dir='ltr'>jura,</span> <span class='ocrx_word' id='word_1_245' title='bbox 602 4280 694 4327; x_wconf 88' lang='lat' dir='ltr'>consti-</span> <span class='ocrx_word' id='word_1_246' title='bbox 755 4276 918 4328; x_wconf 80' lang='lat' dir='ltr'>¹Etiumcam</span> <span class='ocrx_word' id='word_1_247' title='bbox 928 4276 1096 4337; x_wconf 69' lang='lat' dir='ltr'>manente]</span> <span class='ocrx_word' id='word_1_248' title='bbox 1111 4276 1180 4327; x_wconf 62' lang='grc' dir='ltr'>Μ.</span> 
     </span>
     <span class='ocr_line' id='line_1_40' title="bbox 229 4346 1152 4411; baseline 0.001 -16"><span class='ocrx_word' id='word_1_249' title='bbox 229 4352 332 4397; x_wconf 90' lang='lat' dir='ltr'>tuerunt</span> <span class='ocrx_word' id='word_1_250' title='bbox 342 4350 418 4398; x_wconf 89' lang='lat' dir='ltr'>urbes</span> <span class='ocrx_word' id='word_1_251' title='bbox 429 4352 455 4397; x_wconf 88' lang='lat' dir='ltr'>et</span> <span class='ocrx_word' id='word_1_252' title='bbox 465 4348 516 4397; x_wconf 86' lang='lat' dir='ltr'>fida</span> <span class='ocrx_word' id='word_1_253' title='bbox 533 4350 695 4411; x_wconf 83' lang='lat' dir='ltr'>receptacula</span> <span class='ocrx_word' id='word_1_254' title='bbox 721 4351 750 4400; x_wconf 85' lang='lat' dir='ltr'>C.</span> <span class='ocrx_word' id='word_1_255' title='bbox 763 4350 798 4399; x_wconf 92' lang='lat' dir='ltr'>D.</span> <span class='ocrx_word' id='word_1_256' title='bbox 811 4350 836 4398; x_wconf 84' lang='grc' dir='ltr'>Ε</span> <span class='ocrx_word' id='word_1_257' title='bbox 843 4353 867 4398; x_wconf 77' lang='grc'>2.</span> <span class='ocrx_word' id='word_1_258' title='bbox 880 4348 910 4398; x_wconf 87' lang='lat' dir='ltr'>L.</span> <span class='ocrx_word' id='word_1_259' title='bbox 921 4364 928 4408; x_wconf 89' lang='lat'>;</span> <span class='ocrx_word' id='word_1_260' title='bbox 945 4346 1048 4396; x_wconf 87' lang='lat' dir='ltr'>omitted</span> <span class='ocrx_word' id='word_1_261' title='bbox 1060 4347 1086 4395; x_wconf 90' lang='lat' dir='ltr'>in</span> <span class='ocrx_word' id='word_1_262' title='bbox 1098 4349 1152 4397; x_wconf 88' lang='lat' dir='ltr'>El.</span> 
     </span>
    </p>
   </div>
   <div class='ocr_carea' id='block_1_4' title="bbox 0 0 1576 5025">
    <p class='ocr_par' dir='ltr' id='par_1_6' title="bbox 0 0 1576 5025">
     <span class='ocr_line' id='line_1_41' title="bbox 0 0 1576 5025; baseline 0 2"><span class='ocrx_word' id='word_1_263' title='bbox 0 0 1576 5025; x_wconf 95' lang='lat' dir='ltr'> </span> 
     </span>
    </p>
   </div>
  </div>
 </body>
</html>
