3142 5025
215 536 351 617 uisu]
438 552 552 601 casm
574 553 701 601 aucun
725 549 941 600 succensu.
1097 534 1163 598 667

216 708 320 771 ctiam
334 715 372 771 ut
389 708 451 771 has
466 710 584 773 literas
608 708 814 773 alteralteri
834 708 1052 790 praesentari,
1069 708 1163 772 omni
1174 728 1298 827 pomp

215 816 348 872 remota
361 809 585 890 negligentia,
600 808 748 873 faciatis.
795 809 891 873 Data
907 808 1026 885 Sutrii,
1039 808 1161 891 quinto
1174 827 1307 928 ‘ditm‘

215 906 382 971 kalendas
400 908 511 973 Maii!

267 1006 284 1089 §
303 1006 380 1072 434.
405 1008 548 1073 Urbana
574 1008 711 1072 omnino
737 1014 772 1071 et
796 1009 998 1088 excogitata
1022 1006 1160 1083 facetia,
1172 1026 1268 1117 pff

215 1114 255 1170 ut
288 1124 378 1184 eum,
408 1127 510 1189 quem
538 1107 671 1184 oderat,
697 1108 789 1189 regis
811 1107 994 1172 Teutonici
1019 1114 1162 1171 vocaret
1173 1087 1323 1168 tma.¹¹¹⁰⁸¹’'

214 1204 365 1285 idolum3
389 1207 481 1290 quod
505 1207 564 1271 ille
588 1206 746 1271 Mauritii
770 1206 941 1288 peritiam,
964 1213 1039 1270 tum
1058 1206 1095 1268 in
1118 1206 1161 1268 li·

216 1306 298 1368 teris
321 1311 395 1369 tum
421 1308 457 1369 iu
483 1306 642 1370 civilibus
665 1306 826 1387 negotiis,
847 1304 965 1387 magni
987 1312 1160 1387 pensaret.

217 1404 304 1467 Erat
331 1398 390 1481 ¹is,
420 1413 460 1469 ut
488 1406 574 1482 dixi,
600 1406 824 1470 Bracarensis
852 1398 1160 1486 ²arcbiepiscopus,

216 1522 295 1585 quae
319 1511 374 1568 est
396 1506 518 1569 civitas
544 1504 748 1587 Hispaniae3
772 1524 875 1586 quem
901 1504 1047 1567 multum
1067 1504 1161 1585 quis-

215 1602 299 1667 libet
316 1604 476 1681 revereri,
491 1611 527 1668 et
549 1624 638 1687 pene
659 1604 816 1680 adorare,
838 1624 902 1687 pro
918 1604 1001 1668 vira
1023 1622 1160 1684 magnae

215 1702 394 1766 industriae
414 1704 528 1786 specic
552 1704 738 1781 debuisset,
754 1704 823 1768 nisi
834 1710 907 1767 tam
922 1702 1055 1767 famoso
1074 1702 1160 1766 iaci-

216 1821 299 1867 nore
325 1803 512 1870 enitescere
542 1804 732 1871 maluisset.
786 1803 863 1869 Nec
893 1804 984 1867 enim
1014 1802 1162 1866 sanctis-

215 1901 337 1963 simam
367 1902 482 1965 sedem
511 1903 659 1965 nummis
687 1902 871 1966 nundinari
897 1902 1103 1979 dubitasset,
1129 1902 1160 1965 si

215 2006 287 2063 tam
316 1999 518 2083 desperatus
546 2002 758 2066 inveniretur
782 2002 941 2065 venditor
964 2018 1068 2083 quam
1097 2021 1160 2084 pa·

215 2107 313 2163 ratus
338 2108 413 2165 erat
426 2107 572 2183 emptor.
623 2100 714 2164 Tum
740 2107 855 2164 autem
879 2107 1014 2182 eaptus,
1031 2107 1067 2164 et
1088 2120 1161 2164 mo·

216 2199 347 2263 uachus
356 2199 481 2277 sactus,
496 2201 532 2263 in
544 2198 694 2264 Caveam
707 2192 991 2286 (³m0nasterium
1004 2200 1096 2262 enim
1109 2200 1161 2263 ita

214 2296 360 2383 vocant)
376 2301 526 2364 directus
541 2306 604 2362 est.

221 2450 224 2455 .
266 2398 374 2481 §435.
398 2399 575 2463 Processit
590 2394 734 2461 ulterius
751 2396 789 2459 in
805 2397 964 2477 augendo
978 2397 1070 2463 bono
1084 2396 1161 2459 lau·
1172 2413 1306 2503 spagrot‘a

212 2498 336 2562 dabilis
359 2519 460 2582 papae
475 2497 744 2580 magnificentia,
762 2503 802 2566 ut
817 2496 914 2559 illam
930 2495 1103 2563 effraenem
1125 2503 1161 2561 et
1171 2474 1247 2555 {audi

211 2599 401 2679 ingenitam
441 2599 678 2664 Romanorum
713 2597 937 2678 cupiditatem
973 2596 1159 2662 cohiberet.

214 2695 333 2761 Nullae
347 2699 456 2779 ipsius
470 2704 624 2779 tempore
641 2697 818 2761 viantibus
831 2696 922 2759 circa
941 2694 1089 2760 Romam
1105 2695 1159 2758 iu·

213 2795 322 2872 sidiae,
337 2796 441 2860 nulla
458 2797 576 2861 urbem
593 2796 758 2876 ingressis
771 2795 920 2877 iujuriae.
956 2794 1160 2859 Oblationes

213 2895 305 2976 apud
321 2902 479 2959 sanctum
495 2895 638 2958 Petrum
655 2894 761 2982 (quas
784 2914 847 2976 pro
871 2894 1066 2976 petulantia
1081 2915 1161 2976 pro-

213 3014 280 3077 que
296 2995 436 3059 libidine
459 3002 618 3077 potentes
632 2994 852 3077 diripiebant,
869 2995 1058 3060 anteriores
1076 3013 1161 3076 apo-

211 3095 365 3180 stolicos,
381 3095 442 3176 qui
456 3095 512 3160 vel
535 3095 659 3159 mutire
681 3096 859 3169 auderent,
881 3094 1033 3176 indignis
1052 3091 1160 3159 affici·

212 3201 308 3258 entes
341 3193 587 3280 contumeliis,)
614 3193 776 3258 calixtus
806 3194 984 3257 revocavit
1013 3193 1058 3256 ad
1087 3213 1159 3256 me·

176 3343 178 3348 .
213 3292 320 3370 dium,
337 3294 470 3359 scilicet
493 3294 537 3357 ad
564 3294 766 3375 apostolicae
789 3293 881 3356 sedis
903 3293 1047 3357 rectoris
1070 3294 1159 3374 pub·

212 3391 316 3464 licum
331 3412 440 3457 usum.
494 3393 570 3457 Nec
584 3393 769 3475 quicquam
786 3392 823 3453 in
847 3392 924 3474 ejus
938 3400 1077 3472 pectore
1101 3411 1159 3474 pe-

213 3493 391 3555 cuniarum
415 3492 471 3555 vel
497 3491 733 3555 habendarum
756 3491 918 3567 ambitus,
943 3491 1000 3554 vel
1022 3490 1160 3554 habita·

213 3611 289 3655 rum
304 3610 412 3668 amor,
430 3591 567 3673 operari
588 3591 679 3654 bono
704 3588 893 3653 abhorrens
915 3590 1048 3671 potuit:
1073 3590 1160 3655 adeo

213 3698 253 3755 ut
266 3690 400 3772 Auglcs
422 3690 624 3773 peregrinos
645 3690 756 3771 magis
781 3688 825 3752 ad
848 3696 1007 3752 sanetum
1022 3683 1159 3753 4Dauid

246 3917 255 3949 ¹
267 3912 318 3985 Ia]
331 3917 365 3967 A.
376 3919 405 3966 C.
415 3917 450 3965 D.
461 3917 492 3966 Ε.
501 3917 554 3966 ta.
566 3932 573 3976 ;
584 3915 635 3977 hic,
643 3916 671 3965 S.
698 3929 759 3964 near
781 3915 884 3964 Salerno
905 3928 961 3963 was
982 3913 1065 3963 called
1086 3913 1160 3962 ‘ibe

246 3987 488 4051 Metapinum]
505 3987 579 4036 dc.
592 3986 627 4036 D.
639 3987 672 4034 Ε.
699 3985 775 4034 Der!
811 3985 881 4034 Herc
892 3999 959 4033 were
977 3984 1040 4045 kept
1055 3983 1160 4032 suebos

212 4060 283 4118 1223
300 4059 446 4119 episcopus,
457 4057 485 4105 S.
698 4055 761 4102 from
778 4055 844 4103 their
861 4055 970 4104 conduct
988 4054 1040 4103 had
1057 4055 1160 4102 become

247 4127 441 4177 ³Moausteriam
452 4127 515 4176 caim
523 4126 560 4175 itu
566 4124 672 4187 omont]
698 4124 778 4173 either
795 4125 937 4185 dangerous
953 4139 982 4172 or
999 4124 1160 4174 scandalous.

213 4199 237 4246 Ε
246 4204 285 4258 1.;
302 4198 480 4246 monasterium
496 4199 533 4246 ita
546 4199 673 4256 vocatum,
699 4194 747 4243 See
758 4194 874 4243 Orderic.
886 4210 912 4255 p.
924 4199 955 4242 87
957 4199 981 4243 0.

212 4271 263 4327 D.;
280 4268 456 4316 monasterium
474 4267 513 4318 ita
529 4264 672 4325 vocantd.
734 4261 860 4328 ⁴David.]
877 4264 910 4314 A.
932 4267 962 4315 C.
981 4265 1015 4313 D.
1036 4265 1069 4314 Ε.
1089 4264 1161 4324 ης

213 4340 241 4390 S.
256 4339 354 4387 G.E2.
375 4338 509 4388 lta—A
532 4339 673 4396 monastery
699 4334 805 4398 dictum,
816 4335 845 4384 S.
