3142 5025
413 488 479 552 390
653 502 838 551 ruouoous
862 501 960 550 urum
984 502 1122 551 rnnru.

415 660 519 737 mala,
553 666 721 742 quantum
753 679 855 741 queo,
886 659 960 723 sine
991 659 1149 723 veritatis
1184 659 1364 741 dispendio
1457 650 1470 665 ’

416 768 623 837 extenuem3
651 760 742 824 bona
766 779 836 822 non
853 753 971 822 ¹nimis
989 766 1133 823 ventose
1159 757 1363 822 collaudem.

417 861 473 923 De
497 878 567 941 qua
592 859 842 936 moderatione,
864 865 905 921 ut
927 860 1073 934 aestimo,
1087 858 1161 921 veri
1183 858 1242 941 qui
1264 866 1366 922 erunt

417 959 550 1035 arbitri,
575 978 630 1021 me
657 979 719 1021 nec
747 958 906 1021 timidum
931 978 995 1021 nec
1022 957 1253 1039 inelegantem
1285 978 1366 1040 pro-

417 1059 642 1122 nunciabunt.
681 1058 760 1120 Hoc
775 1059 893 1140 itaque
906 1077 975 1120 non
991 1057 1102 1120 solum
1119 1056 1162 1120 de
1175 1057 1365 1134 Willelmo,

417 1158 478 1221 sed
494 1165 529 1220 et
546 1157 589 1220 de
606 1157 739 1220 duobus
762 1156 843 1220 filiis
866 1157 942 1240 ejus
956 1156 1076 1240 'stylus
1099 1157 1309 1234 observabit,
1327 1163 1366 1219 ut

419 1256 504 1320 nihil
526 1256 641 1332 nimie,
656 1256 742 1319 nihil
764 1258 832 1319 nisi
847 1275 927 1319 vere
948 1255 1101 1319 dicatur:
1125 1276 1272 1339 quorum
1296 1256 1367 1338 pri-

418 1375 495 1419 mus
522 1375 644 1438 parum
670 1354 763 1438 quod
793 1355 953 1418 laudetur
976 1356 1061 1435 egit,
1086 1363 1212 1437 praeter
1238 1356 1367 1438 primos

418 1454 517 1536 regni
533 1455 628 1533 dies3
652 1462 727 1518 tota
743 1455 818 1518 vita
841 1453 967 1525 damno
988 1455 1251 1536 provincialium
1276 1474 1368 1518 com-

418 1573 547 1637 parans
563 1554 716 1617 favorem
733 1554 892 1617 militum.
936 1544 1126 1631 SecunduS,
1146 1555 1238 1637 patri
1262 1574 1366 1635 quam

419 1653 519 1716 fratri
546 1654 797 1734 morigeratior,
822 1652 990 1717 invictum
1017 1654 1170 1717 animum
1194 1654 1285 1717 inter
1307 1653 1367 1715 ad·

419 1771 521 1817 versa
546 1760 581 1816 et
605 1772 772 1835 prospera
797 1754 909 1816 rexit:
942 1752 1041 1835 cujus
1072 1752 1102 1815 si
1130 1753 1367 1836 expeditiones

419 1851 592 1929 attendas,
614 1853 751 1933 ignores
774 1854 910 1916 cautior
935 1870 980 1915 an
1001 1852 1163 1916 audacior
1182 1852 1286 1916 fuerit
1301 1874 1321 1941 3-
1337 1853 1368 1916 si

419 1952 577 2016 fortunas
594 1952 755 2033 aspicias,
772 1952 911 2015 haesites
926 1952 1071 2027 beatior,
1090 1960 1150 2015 aut
1165 1952 1247 2015 boni
1263 1972 1367 2015 even-

420 2058 478 2114 tus
501 2051 721 2131 indigentior,
746 2051 859 2115 suerit.
912 2050 981 2113 Sed
1007 2051 1049 2113 de
1075 2052 1203 2114 talibus
1229 2058 1366 2133 tempus

358 2232 370 2242 ·
420 2152 486 2214 erit
501 2144 596 2214 ²cum
623 2150 732 2214 lector
753 2152 951 2214 arbitretur.
1003 2149 1120 2226 Nunc,
1143 2150 1284 2214 tertium
1304 2171 1367 2215 vo-

420 2250 536 2313 lumen
561 2251 773 2332 incepturus,
798 2251 884 2315 satis
901 2270 979 2313 reor
998 2248 1111 2330 egisse
1133 2258 1173 2313 ut
1195 2257 1368 2313 attentum

421 2356 456 2412 et
470 2349 616 2413 docilem
629 2350 777 2413 facerem
791 2370 800 2430 3
815 2350 890 2432 ipse
905 2349 971 2413 sibi
984 2350 1132 2431 benigne
1146 2350 1368 2433 persuadebit

420 2457 460 2514 ut
472 2450 659 2514 benevolus
673 2450 729 2514 sit.

701 2661 872 2708 EXPLICIT
896 2662 1092 2711 PROLOGUS.

455 2918 463 2950 ¹
477 2916 582 3038 {imis}
599 2920 633 2970 A.
643 2920 672 2970 S.
686 2921 716 2970 C.
729 2920 819 2980 E.L.;
836 2921 882 2968 mi·
907 2990 928 3039 S
942 2917 953 2950 ²
966 2920 1049 2984 Cum]
1065 2920 1099 2970 A.
1119 2921 1148 2970 C.
1166 2920 1202 2970 D.
1220 2920 1253 2970 E.
1265 2919 1315 2980 L.;
1331 2925 1369 2983 ut,

419 3006 477 3052 nus,
516 3027 522 3039 .
929 3025 936 3040 .
