3142 5025
205 519 358 599 nra.1v.]
433 533 547 582 casua
571 532 698 580 annun
723 529 935 579 nucnonuu.
1093 513 1157 578 561

206 690 306 767 dunt,
323 691 402 754 loca
416 686 531 754 vicina
547 690 730 772 explorare
757 689 947 772 cupientes
1000 687 1079 772 Syri
1097 689 1156 770 qui

208 798 325 855 essent
345 791 382 853 in
402 789 492 867 loco,
516 791 690 873 progressi
707 789 857 866 obviam,
875 787 1032 852 laetitiam
1058 807 1157 851 suam

208 889 378 954 desiderio
404 889 642 973 lachrymante
671 889 874 972 prodebant,
901 888 1006 951 saluti
1038 907 1156 951 eorum

208 1009 272 1072 pro
287 990 465 1071 paucitate
477 991 638 1052 nimirum
652 996 865 1067 metuentes3
890 1007 969 1051 nam
985 1006 1054 1051 non
1067 986 1156 1050 mul·

210 1096 247 1152 to
265 1089 463 1172 plusquam
481 1097 618 1152 centum
635 1088 763 1152 milites
776 1093 955 1152 venerant.
1007 1085 1058 1150 At
1076 1080 1156 1163 ¹illi,

210 1189 424 1271 supplicibus
451 1189 543 1253 votis
574 1207 708 1252 sacram
740 1188 849 1251 aedem
876 1185 1043 1263 venerati,
1074 1205 1157 1250 con-

209 1287 327 1352 festim
361 1287 609 1371 lerosolymam
643 1287 787 1351 intentis
819 1287 945 1350 animis
976 1286 1156 1350 invadunt.

210 1387 317 1450 Turci
339 1407 489 1470 quoqne,
512 1408 575 1470 pro
600 1387 727 1451 fiducia
740 1387 865 1451 virium
879 1386 1051 1449 mentibus
1077 1385 1157 1448 effe·

212 1487 292 1563 rati,
308 1486 401 1551 soras
417 1488 578 1564 exiliunt,
595 1489 631 1550 in
646 1493 783 1550 nostros
801 1486 1052 1568 aliquantisper
1068 1485 1157 1548 arie-

213 1594 348 1667 tantcs;
380 1593 475 1652 totus
506 1589 597 1651 enim
626 1588 702 1671 jam
728 1586 902 1649 exercitus
929 1585 1156 1649 adventarat:

211 1686 272 1749 sed
294 1706 389 1763 mox,
414 1687 559 1750 Francis
583 1685 830 1762 annitentibus
856 1685 1018 1748 summoti
1040 1684 1157 1747 hostes

212 1785 439 1850 claustrorum
463 1786 645 1850 muralium
661 1785 800 1869 objectu
822 1785 970 1848 salutem
987 1803 1086 1849 suam
1103 1790 1158 1846 tu·

212 1886 387 1949 tahantur.

478 2077 526 2124 DE
549 2076 647 2125 URBE
670 2074 893 2124 IERUSALEM.

265 2182 372 2267 §367.
396 2182 451 2246 Dc
468 2183 539 2248 situ
557 2190 593 2247 et
605 2183 777 2266 positione
792 2182 981 2248 Ierusalem
1000 2181 1085 2247 nihil
1106 2203 1160 2248 me
1173 2204 1291 2245 semaam

214 2282 327 2347 dicere
350 2283 453 2364 copia
478 2285 685 2366 scriptorum
715 2283 898 2348 admonet:
933 2303 997 2347 nac
1022 2303 1161 2347 necesse

214 2389 323 2446 estut
338 2383 375 2445 in
391 2382 457 2446 hoc
469 2402 592 2465 campo
608 2376 746 2447 'nostra
767 2382 903 2447 exultat
919 2383 1050 2462 orati0;
1074 2382 1161 2472 adeo

1173 2255 1287 2296 described.

214 2482 286 2547 fere
309 2483 460 2547 omnium
482 2483 616 2547 notitiae
637 2489 735 2566 patet
756 2483 849 2565 quod
865 2483 888 2548 J
891 2482 1053 2567 caephae,
1070 2483 1163 2566 quod

216 2583 420 2660 Eucherius,
447 2583 540 2665 quod
573 2582 671 2646 Beda
706 2584 886 2665 scripsere.
946 2582 1035 2662 Quis
1071 2582 1162 2646 enim

217 2683 350 2746 nesciat
381 2701 458 2746 eam
485 2702 507 2747 a
536 2682 767 2747 Melchisedec
799 2683 926 2761 Salem,
956 2702 978 2747 a
1000 2683 1023 2747 J
1026 2683 1162 2747 ehuseis

216 2782 240 2846 J
242 2784 339 2859 ebus,
355 2800 377 2844 a
390 2781 574 2846 Salomone
593 2781 841 2865 lerosolymam
853 2786 1038 2849 vocataml
1073 2781 1162 2861 Quis
1211 2773 1216 2785 '

217 2902 286 2946 non
302 2880 450 2945 audierit
465 2882 637 2965 quotiens,
655 2884 720 2946 sub
736 2883 882 2947 adverso
899 2890 1009 2947 marte
1023 2882 1163 2957 cadens,

216 2982 310 3045 cives
335 2981 443 3044 ruinis
466 2982 641 3064 sepelierit
665 2982 751 3060 suis,
767 2983 825 3047 vel
848 2982 1163 3063 Nabugodonosor,

217 3080 272 3145 vel
289 3081 384 3157 Tito,
406 3080 462 3144 vel
476 3081 631 3145 Adriano
648 3083 855 3163 agentibus?
907 3081 1084 3146 Adrianus
1106 3083 1164 3145 ille

218 3181 285 3245 fuit
301 3182 362 3262 qui
385 3179 647 3266 lerosolymam,
664 3201 710 3245 ex
725 3201 789 3245 suo
810 3184 1014 3265 cognomine
1035 3202 1164 3264 cogno-

217 3281 384 3344 minatam
401 3279 555 3359 Heliam,
570 3280 762 3345 orbiculato
785 3289 821 3345 ct
842 3282 967 3366 majori
990 3301 1164 3346 murorum

218 3381 350 3443 ambitu
375 3380 573 3458 aedificavit,
590 3388 630 3443 ut
650 3381 764 3444 locum
786 3380 959 3463 sepulchri
975 3382 1163 3458 Dominici,

218 3479 311 3562 quod
334 3480 417 3544 olim
441 3487 543 3544 extra
568 3480 694 3557 fuerat,
718 3480 1004 3563 amplecteretur;
1028 3500 1109 3544 nam
1131 3489 1167 3544 et

218 3598 318 3642 mons
334 3578 428 3655 Sion',
442 3580 535 3643 intra
551 3581 670 3644 urbem
688 3587 859 3665 receptus,
873 3601 936 3664 pro
954 3599 1033 3643 arce
1046 3599 1166 3662 super-

218 3680 357 3742 eminet.
409 3672 523 3742 ³Fons
538 3681 632 3743 intra
644 3679 772 3756 nullus,
791 3679 850 3743 sed
866 3680 1027 3744 cisternis
1043 3677 1167 3742 adhoc

257 3972 266 4005 ¹
277 3975 331 4037 mi,
340 3976 489 4039 supplicibus
550 3979 681 4041 venerata]
742 3974 754 4007 ²
766 3972 883 4047 Nostra]
901 3977 935 4029 A.
947 3977 982 4029 D.
995 3978 1027 4028 Ε.
1039 3978 1088 4040 L.;
1106 3993 1171 4043 mea,

219 4046 274 4094 The
285 4045 380 4093 church
391 4046 420 4094 oi
431 4047 468 4096 St.
481 4046 557 4108 Mary
568 4053 595 4097 at
606 4048 683 4097 Beth·
708 4050 737 4099 S.
752 4049 782 4097 C.

219 4115 302 4165 lehem
317 4116 451 4165 contained
461 4116 552 4165 within
565 4118 599 4167 ita
610 4119 684 4167 walle
742 4115 754 4148 ⁸
765 4118 832 4167 Foaa
843 4117 911 4167 intra
921 4116 1003 4165 nullus
1015 4152 1022 4167 .
1035 4151 1042 4167 .
1055 4152 1062 4166 .
1077 4118 1171 4167 cedrea

222 4200 239 4235 a
256 4190 309 4234 aort
319 4184 348 4234 of
360 4190 451 4248 gmtto,
460 4187 487 4233 in
498 4186 583 4235 which
599 4188 620 4235 it
630 4201 685 4236 was
708 4188 820 4251 augeat]
827 4188 970 4238 Jerusalem
976 4202 1030 4237 was
1037 4188 1172 4250 possessed

222 4254 360 4317 pretended
372 4254 458 4304 Christ
468 4270 523 4304 was
536 4257 607 4307 born.
624 4255 685 4324 (See
710 4258 769 4318 only
788 4258 817 4307 oi
835 4258 878 4307 the
899 4262 994 4307 torrent
1012 4258 1040 4307 of
1060 4258 1173 4322 Kedron,

222 4325 305 4386 Beda,
315 4325 357 4374 De
369 4325 444 4374 locis
454 4325 575 4391 Sanctis.)
711 4326 759 4387 dry
770 4326 797 4375 in
815 4341 933 4390 summer,
944 4328 993 4376 and
1005 4328 1035 4377 of
1049 4328 1091 4377 the
1107 4330 1172 4379 little
