3142 5025
227 537 298 586 arn.
316 522 374 604 11.]
519 538 693 587 nrsvonrn
715 536 894 585 Novanus.
1114 518 1179 583 731

229 692 454 756 ruricolarum
482 711 592 775 usque
616 694 661 759 ad
683 686 851 759 ¹stramen
880 691 1056 776 expilatiS,
1084 691 1179 773 ipsos

229 792 365 857 vinctos
389 794 671 873 incarcerabant3
703 813 777 872 nec,
808 792 875 857 nisi
901 794 1058 857 omnibus
1082 810 1179 873 quae·

230 910 367 973 cunque
382 892 567 971 habebant,
585 901 620 958 et
633 887 857 976 'quocunque
874 893 977 957 modo
1001 892 1178 974 acquirere

230 997 403 1073 poterant,
424 991 460 1054 in
488 993 757 1074 redemptionem
778 993 1004 1075 consumptis,
1027 991 1178 1055 dimitte-

231 1091 327 1153 bant.
359 1089 484 1154 Plures
497 1092 534 1154 in
547 1092 632 1174 ipsis
647 1092 829 1155 tormentis
845 1093 971 1174 quibus
988 1090 1031 1154 ad
1046 1110 1083 1154 se
1095 1091 1177 1155 red·

232 1188 408 1252 imendum
431 1191 756 1273 constringebantur
779 1191 897 1255 dulces
918 1190 1082 1254 efflabant
1103 1190 1178 1253 an'i-

232 1306 319 1365 maS,
335 1288 429 1369 quod
446 1289 556 1353 solum
567 1296 741 1373 poterant,
755 1290 833 1354 Deo
847 1290 1002 1353 miserias
1020 1308 1101 1352 suas
1118 1308 1180 1371 ap-

232 1387 421 1470 plorantes.
474 1387 521 1453 Et
534 1390 683 1472 quidem,
703 1410 748 1453 ex
761 1390 941 1454 voluntate
959 1389 1109 1465 comitis,
1130 1389 1180 1451 le·

231 1494 336 1568 gatus
362 1506 440 1551 cum
464 1488 635 1572 episcopis
659 1508 778 1553 omnes
805 1488 1001 1553 effractores
1025 1488 1179 1552 coemite·

232 1586 361 1649 riorum
378 1594 414 1651 et
427 1587 614 1652 violatores
636 1588 870 1666 ecclesiarum,
885 1596 921 1653 et
935 1589 995 1671 qui
1017 1588 1107 1652 sacri
1123 1588 1180 1652 vcl

231 1686 384 1767 religiosi
415 1687 544 1752 ordinis
578 1688 774 1753 hominibus
805 1688 862 1753 vel
893 1706 1012 1752 eorum
1041 1686 1180 1751 famulis

232 1804 354 1849 manus
379 1786 591 1870 injecissent,
612 1788 813 1853 multotiens
843 1787 1176 1866 excommunicavit3

232 1884 292 1947 sed
325 1884 411 1948 nihil
442 1886 690 1969 propemodum
720 1886 785 1951 bac
818 1887 965 1969 profecit
994 1886 1176 1950 industria.

233 1982 321 2047 Erat
342 2004 424 2065 crgo
440 1984 557 2049 videre
579 1986 824 2062 calamitatem,
841 1985 1018 2069 Angliam,
1033 1986 1179 2067 praecla-
1212 2064 1214 2069 Ι

231 2083 402 2147 rissimam
417 2084 590 2167 quondam
603 2087 699 2168 pacis
716 2086 937 2163 nutriculam,
954 2085 1103 2167 speciale
1119 2084 1180 2147 do-

232 2182 396 2246 micilium
414 2184 552 2266 quietis,
569 2184 613 2248 ad
634 2184 699 2248 hoc
714 2185 861 2248 miseriae
878 2184 1075 2249 devolutam
1093 2202 1180 2261 esse,

233 2289 273 2345 ut
296 2301 360 2345 nec
385 2284 489 2347 ctiam
515 2284 668 2367 episcopi
693 2304 757 2348 nec
781 2283 941 2347 monachi
965 2283 1007 2346 de
1033 2283 1118 2347 villa
1143 2284 1180 2347 in

232 2382 351 2446 villam
366 2389 444 2447 tuto
457 2390 600 2465 possent
616 2384 787 2467 progredi.
839 2383 912 2447 Sub
929 2382 1083 2446 Henrico
1098 2402 1180 2463 rega

234 2482 334 2546 multi
347 2482 563 2569 alienigenae,
584 2483 643 2566 qui
665 2484 811 2566 genialis
832 2482 927 2548 humi
942 2476 1180 2564 ³inquietati0·

232 2583 334 2646 nibus
360 2584 642 2664 exagitabantur,
664 2583 830 2667 Angliam
853 2583 1122 2664 adnavigabant,
1145 2590 1181 2647 et

233 2683 297 2744 sub
320 2682 396 2764 ejus
418 2683 484 2746 alis
505 2684 661 2765 quietum
683 2685 792 2748 otium
815 2683 986 2766 agebant:
1010 2683 1074 2745 sub
1102 2681 1180 2746 Ste-

232 2780 349 2862 phano
363 2782 479 2864 plures
494 2802 540 2846 ex
559 2783 725 2846 Flandria
738 2790 773 2847 et
791 2783 1001 2860 Brittannia,
1018 2788 1119 2865 rapto
1130 2782 1179 2846 vi·

233 2899 314 2944 vere
334 2882 476 2960 assueti,
493 2901 554 2964 spe
574 2901 776 2964 magnarum
804 2882 998 2966 praedarum
1015 2880 1181 2961 Angliam

231 2979 444 3045 involabant.
504 2981 631 3046 Comes
657 2975 888 3047 *Gloecestrae
921 2981 1097 3046 Robertus
1127 2981 1181 3044 in-

233 3088 329 3144 terea
351 3081 506 3144 modeste
522 3100 560 3144 se
573 3100 689 3163 agere,
706 3082 792 3145 nihil
809 3082 921 3164 magis
939 3101 1061 3145 cavere
1077 3099 1180 3162 quam

232 3199 275 3243 ne
294 3179 349 3243 val
366 3199 474 3263 parvo
490 3181 696 3246 detrimento
711 3201 851 3246 suorum
868 3182 1032 3245 vinceret.
1079 3180 1182 3261 Mag-

234 3287 331 3342 nates
348 3277 555 3360 Anglorum,
572 3299 660 3362 quos
678 3279 721 3343 ad
738 3282 939 3362 religionem
952 3278 1182 3363 jurisjurandi

233 3377 438 3440 servandam
462 3377 600 3441 flectere
625 3398 694 3442 non
720 3386 849 3461 posset,
868 3379 953 3441 satis
973 3377 1124 3441 habebat
1145 3377 1182 3439 in

235 3474 346 3540 officio
374 3474 561 3553 continere,
588 3477 712 3559 utqui
740 3477 827 3541 nibil
860 3475 1026 3559 adjuvare
1052 3475 1182 3540 vellent

235 3575 347 3638 minus
358 3582 536 3653 nocerent3
549 3574 735 3639 secundum
747 3577 927 3652 comicum,
939 3581 948 3609 ‘
961 3576 1080 3639 volens
1090 3574 1183 3656 quod

235 3681 365 3757 posset,
391 3673 471 3736 dum
497 3693 567 3738 non
589 3681 708 3757 posset
729 3675 822 3758 quod
837 3674 966 3740 vellet.'
1017 3674 1183 3737 Ubicum-

234 3793 301 3857 que
315 3779 432 3837 tamen
447 3773 624 3837 commode
641 3773 714 3837 fieri
729 3794 833 3857 posse
850 3774 1000 3851 videbat,
1011 3781 1047 3838 et
1064 3772 1184 3836 militis

252 4035 255 4039 '
273 4028 279 4059 ¹
291 4025 429 4100 Sicaniam]
440 4031 489 4093 Ε.;
501 4035 616 4095 stratum,
624 4032 653 4082 S.
660 4031 695 4081 D.
755 4029 766 4062 ⁸
783 4025 1025 4099 lnqaictutionibua]
1055 4031 1087 4081 Ε.
1111 4031 1184 4091 L2.;

234 4102 289 4169 Li.
719 4103 844 4164 turbellis,
856 4102 884 4150 S.
897 4101 931 4151 D.

267 4168 279 4201 ²
292 4172 437 4234 Quocunque
451 4165 544 4236 moda]
563 4171 610 4232 E.;
626 4185 698 4232 quaa·

233 4256 333 4302 conque
352 4255 503 4304 quocunque
520 4241 602 4303 modo,
620 4241 650 4292 S.
663 4242 698 4290 D.
757 4240 767 4270 ⁴
793 4241 937 4289 Gloecestroe
960 4240 1102 4306 Roberlua]
1130 4241 1185 4302 E.;

234 4313 288 4362 Μ.
722 4310 827 4360 omitted
838 4311 863 4359 in
876 4309 904 4360 S.
916 4310 1020 4361 ΜΛ.
1053 4369 1055 4376 Α
