3142 5025
406 511 471 576 508
622 529 735 578 casua
759 529 886 578 ancum
910 529 1125 577 ancnoauu.
1209 514 1294 594 [nra
1313 529 1362 576 iv.

408 686 508 750 Tunc
539 687 673 769 aliquot
703 687 798 751 horis
826 681 1060 750 'antelucanis
1092 684 1248 749 nonnihil
1271 686 1361 766 vigi·

410 786 529 849 latum.
584 786 695 850 Paulo
712 794 803 869 post,
818 806 895 849 cum
907 786 980 869 jam
998 784 1137 849 Aurora
1153 785 1243 847 diem
1265 785 1361 848 inve·

409 885 491 948 ltere
523 886 760 962 meditaretur,
791 885 980 949 monachus
1011 883 1151 966 qnidam
1188 891 1359 947 transma-

409 985 506 1047 rinus
527 985 646 1048 retulit
672 985 828 1049 Roberto
855 984 927 1048 filio
953 983 1138 1060 Hamonis,
1160 982 1234 1046 viro
1261 1002 1358 1064 mag·

385 1097 389 1104 ’
411 1090 531 1147 natum
559 1085 718 1166 principi,
745 1085 915 1146 somnium
930 1082 1022 1164 quod
1047 1082 1166 1145 eadem
1193 1088 1294 1146 nocte
1316 1082 1359 1145 de

254 1207 258 1230 .
309 1248 313 1254 ,
412 1202 495 1262 rege
526 1181 672 1258 viderat,
703 1183 826 1246 mirum
859 1189 895 1246 et
928 1180 1155 1245 horrendum:
1188 1180 1292 1259 Quod
1322 1181 1359 1244 in

410 1281 584 1363 quandam
618 1281 797 1345 ecclesiam
830 1288 987 1357 venerat,
1013 1282 1162 1363 superbo
1197 1287 1299 1361 gestu
1324 1289 1359 1344 et

410 1380 586 1458 insolenti,
616 1388 654 1444 ut
677 1380 823 1456 solebat,
856 1381 1122 1443 circumstantes
1154 1380 1357 1461 despiciens.

411 1478 523 1555 Tunc,
548 1479 751 1543 crucifixum
778 1478 950 1542 mordicus
981 1479 1255 1560 apprehendens,
1278 1479 1357 1542 bra·

411 1578 491 1641 chia
506 1578 557 1640 illi
572 1579 767 1655 corroserit,
784 1597 887 1641 crura
899 1597 987 1660 pene
1004 1579 1230 1642 tmncaverit.
1270 1577 1358 1641 Cru-

412 1676 554 1740 cifixum
569 1677 627 1741 diu
643 1678 822 1754 tolerasse,
840 1678 901 1741 sed
916 1677 1054 1741 tandem
1077 1676 1164 1760 pede
1178 1678 1230 1740 ita
1243 1696 1358 1758 regem

411 1776 583 1858 depulisse
596 1783 636 1839 ut
650 1778 793 1859 supinus
806 1777 965 1841 caderet:
990 1796 1034 1840 ex
1049 1795 1108 1839 ore
1118 1776 1269 1859 jacentis
1284 1784 1355 1840 tam

410 1875 552 1939 effusam
583 1875 755 1938 flammam
776 1877 904 1953 exisse,
921 1870 978 1939 ²ut
1000 1876 1190 1940 fumeorum
1212 1875 1358 1940 volumi·

411 1993 492 2037 num
515 1976 615 2038 orbes
641 1976 744 2039 ctiam
769 1974 884 2038 sidera
905 1974 1107 2038 lamberent.
1160 1974 1241 2038 Hoc
1265 1994 1357 2038 som-

410 2074 505 2136 nium
523 2074 698 2138 Robertus
717 2093 785 2138 non
803 2074 1047 2155 negligendum
1070 2074 1269 2150 arbitratus,
1283 2075 1357 2154 regi

409 2171 601 2254 confestim,
618 2173 708 2254 quod
733 2173 763 2236 ei
782 2192 804 2236 a
817 2173 959 2236 secretis
982 2179 1070 2249 erat,
1086 2173 1222 2236 intulit:
1246 2173 1356 2235 atille

408 2271 595 2335 cachinnos
615 2272 844 2353 ingeminans,
867 2271 1107 2348 ‘Monachus,'
1121 2272 1244 2353 inquit,
1267 2278 1354 2348 ‘est,

408 2378 444 2433 et
459 2389 566 2434 causa
581 2390 798 2434 nummorum
815 2371 1066 2435 monachaliter
1081 2371 1252 2447 somniat;
1276 2370 1356 2434 date

410 2469 442 2533 ei
467 2477 605 2534 centurn
630 2470 781 2535 solidos!
833 2469 985 2534 Multum
1008 2478 1124 2534 tamen
1150 2477 1275 2547 motus,
1297 2469 1355 2534 diu

411 2575 594 2633 cunctatus
610 2577 663 2635 est
677 2589 720 2633 an
745 2569 780 2632 in
804 2569 939 2651 sylvam
955 2570 1045 2633 sicut
1064 2570 1258 2633 intenderat
1280 2570 1357 2646 iret,

410 2667 636 2732 suadentibus
666 2652 786 2731 amicis
810 2687 854 2731 ne
884 2687 947 2731 suo
973 2667 1151 2749 dispendio
1175 2668 1356 2732 veritatem

412 2766 620 2830 somniorum
639 2768 865 2849 experiretur.
919 2766 1045 2847 Itaque
1067 2773 1147 2830 ante
1169 2767 1283 2831 cibum
1296 2787 1356 2832 ve·

410 2873 497 2929 natu
521 2865 701 2942 abstinuit,
724 2865 823 2929 seriis
846 2866 994 2946 negotiis
1011 2859 1232 2929 ³cruditatem
1257 2866 1355 2930 indo·

409 2966 502 3027 mitae
527 2965 651 3027 mentis
677 2971 884 3042 eructuans;
912 2964 1040 3040 ferunt,
1062 2983 1104 3027 ea
1132 2965 1187 3028 die
1213 2965 1356 3045 largiter

410 3062 599 3143 epulatum,
615 3046 844 3126 crebrioribus
865 3082 969 3144 quam
983 3071 1211 3127 consueverat
1223 3064 1356 3146 poculis
1379 3086 1403 3100 ·

407 3160 555 3224 t'rontcm
587 3179 786 3224 serenasse·
832 3161 921 3225 Mox
946 3160 1053 3241 igitur
1082 3170 1162 3244 post
1184 3163 1295 3225 cibum
1319 3164 1355 3227 in

407 3260 534 3323 saltum
559 3260 747 3336 contendit,
765 3261 887 3341 paucis
902 3262 1110 3339 comitatus;
1135 3281 1279 3343 quorum
1303 3261 1355 3324 fa·

406 3359 659 3422 miliarissimus
683 3366 758 3422 erat
772 3353 977 3423 4Walterius
1002 3367 1231 3442 cognomento
1247 3360 1355 3437 Tirel,

440 3535 642 3607 ¹Aatelucuaia]
666 3540 700 3590 A.
723 3541 752 3590 S.
777 3543 807 3591 C.
830 3542 864 3592 D.
893 3540 999 3600 ceived;
1014 3540 1061 3589 but
1078 3540 1169 3601 Suger,
1179 3554 1196 3588 a
1212 3544 1355 3602 contempo-

405 3612 461 3660 Ea
474 3611 522 3671 L.;
539 3610 794 3671 antelucanum,El.
892 3610 1163 3671 raryhistorian,and,
1177 3624 1206 3657 as
1225 3610 1245 3657 it
1263 3624 1354 3672 memo,

439 3676 450 3707 ²
464 3680 659 3739 Utsameomm.
673 3714 680 3728 .
693 3714 699 3728 .
711 3674 865 3748 lamberent]
892 3694 908 3727 a
925 3678 1008 3727 friend
1026 3678 1055 3726 of
1068 3678 1146 3739 Tirel,
1164 3678 1189 3726 in
1201 3679 1242 3727 nis
1253 3678 1309 3727 Lir'e
1328 3675 1358 3728 oi

405 3749 433 3798 S.
448 3751 478 3799 C.
491 3750 526 3799 D.
538 3751 571 3799 E.
584 3749 631 3808 L.;
647 3753 677 3796 ut
686 3747 751 3796 fumi
765 3751 864 3810 magni·
893 3749 971 3796 louis
992 3748 1016 3796 le
1034 3747 1101 3797 Gros
1122 3748 1185 3809 king
1202 3748 1232 3797 oi
1247 3749 1354 3810 Franco,

402 3820 465 3867 tudo
476 3820 552 3868 etiam
563 3819 648 3867 sidera
654 3819 823 3879 obnubilaret,
831 3818 864 3867 A.
891 3816 1007 3879 alluding
1020 3822 1047 3865 to
1064 3816 1106 3865 tha
1122 3817 1200 3865 death
1216 3818 1246 3866 ol
1259 3817 1353 3879 Rufus,

437 3885 448 3918 ⁸
465 3887 640 3950 cruditatem]
657 3887 691 3936 A.
708 3888 743 3936 D.
763 3889 796 3936 Ε.
815 3889 864 3950 L.;
891 3888 1018 3947 observes,
1038 3885 1235 3946 ‘Imponebatur
1259 3901 1275 3935 a
1297 3888 1354 3946 qui·

402 3957 586 4017 crudelitatem,
597 3957 626 4006 S.
640 3958 670 4006 C.
890 3955 997 4004 busdam
1016 3955 1117 4003 cuidam
1133 3956 1212 4004 nobili
1228 3954 1352 4005 Gualtero

436 4024 445 4053 ⁴
461 4026 596 4075 Waltm'ue
609 4028 762 4086 ragumberto
774 4024 862 4086 Ἤτοι]
889 4024 1128 4085 '1¹yrelloquodeum
1135 4026 1229 4086 sagina
1236 4025 1352 4085 perfode·

401 4092 454 4142 Tha
465 4095 585 4143 tradition
599 4094 629 4142 oi
637 4095 748 4141 Willianr
769 4094 863 4155 having
889 4099 943 4143 rat:
960 4109 1045 4154 quem,
1058 4108 1116 4142 cum
1132 4109 1178 4141 nec
1195 4095 1294 4142 timeret
1304 4108 1351 4141 nec

400 4168 451 4209 met
462 4163 589 4221 hisdeath
607 4164 640 4224 by
652 4163 693 4212 the
705 4163 773 4210 hand
785 4163 814 4211 of
821 4164 863 4210 Sir
889 4168 1010 4223 speraret,
1016 4164 1183 4223 jurejurando
1195 4164 1291 4223 saepius
1306 4178 1353 4211 au-

400 4230 497 4279 Walter
515 4233 593 4292 Tirel,
607 4232 693 4280 whilst
712 4232 819 4292 hunting
835 4234 860 4280 in
887 4232 997 4280 divimus
1013 4234 1087 4291 quasi
1107 4238 1293 4280 sacrosanctum
1308 4246 1350 4280 as·

399 4298 441 4348 the
454 4301 520 4349 New
531 4302 628 4361 Forest,
639 4302 662 4348 is
682 4302 810 4362 generally
821 4315 860 4349 re·
879 4301 1056 4361 ·serere,quod
1063 4315 1093 4349 ea
1100 4301 1285 4349 dienecineam
1295 4316 1354 4361 par·
1427 4308 1432 4316 ’
