3142 5025
223 503 363 588 usu]
447 522 561 571 ersus
587 522 715 571 arcun
740 524 958 572 suonosun.
1109 511 1176 578 623

228 687 342 745 tractu
374 681 554 762 regionum
581 680 728 761 diffusa3
760 681 879 762 itaque
903 680 963 743 diu
988 679 1175 746 seditiones

228 780 413 844 intestinas
436 781 543 863 probe
567 780 706 857 tolerat,
724 786 759 844 et
784 799 871 862 pace
896 779 1029 844 reddita
1050 780 1088 843 in
1109 780 1175 845 foe-

226 880 425 944 cundiorem
451 887 581 945 statum
613 887 749 944 mature
782 879 946 961 resurgit,
977 881 1174 944 turbatores

227 997 310 1043 suos
322 979 416 1044 illins
430 978 618 1062 provincias
632 978 760 1043 diffisos
775 998 853 1042 cum
864 978 1004 1043 libuerit
1015 979 1051 1042 in
1064 979 1175 1043 Fran..

227 1079 318 1142 ciam
343 1078 461 1143 liberis
484 1078 697 1142 anfractibus
726 1079 897 1142 emittens.
949 1076 1082 1143 Contra
1099 1076 1174 1142 An·

228 1178 301 1259 glia
318 1197 382 1242 nec
395 1178 454 1242 diu
477 1177 621 1241 infestos
636 1177 780 1260 patitur,
803 1176 864 1242 sed
884 1177 990 1242 semel
1012 1178 1107 1241 intra
1128 1178 1175 1242 si·

228 1296 312 1340 num
325 1296 429 1340 suum
442 1283 600 1361 receptos
613 1277 669 1341 vel
684 1275 792 1353 dedit,
806 1275 862 1341 vel
877 1276 1073 1358 extinguit3
1097 1296 1173 1356 nec,

226 1375 452 1459 populatibus
466 1377 600 1452 attrita,
617 1376 810 1441 redivivum
826 1375 895 1440 cito
910 1383 1016 1459 caput
1030 1375 1173 1441 attollit.

229 1475 402 1553 Quocirca
424 1475 676 1540 Normanniam
697 1475 953 1538 Belesmitanus
968 1475 1122 1552 veniens,
1138 1481 1174 1541 et

227 1581 310 1638 tunc
333 1583 370 1639 et
395 1575 558 1657 deinceps
584 1574 707 1639 babuit
729 1573 958 1655 malignitatis
981 1593 1054 1638 suae
1079 1593 1173 1638 com·

226 1674 347 1756 plicas,
373 1682 410 1738 et
433 1672 495 1761 (ne
519 1694 642 1757 parum
666 1670 858 1757 videretur)
879 1673 1000 1737 illices.
1052 1673 1097 1737 In
1119 1673 1173 1739 his

228 1773 513 1838 eratWillelmus
538 1792 654 1838 comes
683 1771 871 1849 Moretolii,
895 1772 987 1837 filius
1013 1771 1172 1851 Roberti,

228 1874 322 1955 regis
335 1874 465 1954 patrui.
516 1873 555 1937 Is
579 1891 750 1955 sempera
768 1891 876 1954 puero
892 1870 1038 1936 Henrici
1052 1872 1173 1954 gloriae

227 1973 380 2050 invidus,
394 1979 470 2036 tum
485 1962 639 2036 maxime
651 1973 689 2036 in
713 1971 866 2036 adventu
882 1969 1078 2035 Normanni
1092 1991 1173 2054 pra·

227 2091 310 2136 vum
334 2072 486 2136 animum
507 2072 656 2138 extulit:
683 2090 754 2135 non
776 2071 868 2134 enim
883 2077 1068 2135 contentus
1086 2071 1173 2135 duo-

226 2173 293 2234 bus
309 2172 541 2248 comitatibus,
552 2170 729 2237 Moretolii
743 2171 780 2234 in
795 2170 1023 2246 Normannia,
1038 2167 1173 2234 Cornu·

228 2270 344 2353 galliae
366 2272 403 2334 in
417 2269 560 2352 Anglia,
579 2271 781 2335 comitatum
800 2268 948 2345 Cantiae,
970 2289 1071 2351 quem
1095 2269 1173 2334 Odo

226 2378 373 2452 patruus
397 2369 578 2446 babuerat,
603 2390 626 2435 a
650 2388 734 2452 rege
756 2369 939 2450 exigebat3
970 2368 1116 2433 infestus
1138 2376 1175 2433 et

226 2470 404 2553 improbus
419 2469 518 2547 adeo,
535 2476 574 2535 ut
590 2468 709 2535 infami
723 2469 923 2551 arrogantia
939 2487 977 2533 se
992 2469 1174 2534 devotaret

224 2590 296 2633 non
312 2570 514 2633 induturum
523 2568 738 2651 chlamydem
753 2570 822 2634 nisi
844 2588 866 2633 a
888 2576 1014 2651 pauno
1028 2566 1086 2655 (ut
1100 2569 1172 2633 dic-

225 2666 371 2751 titabat)
387 2669 453 2732 sibi
476 2668 627 2733 refusam
641 2675 910 2751 consequeretur
923 2668 1171 2734 baereditatem.

227 2767 296 2831 Sed
321 2774 404 2830 tunc
429 2766 578 2849 quidem,
603 2770 763 2850 suspensi
788 2767 978 2833 calliditate
1003 2769 1172 2852 responsi,

228 2867 415 2929 frustratus
430 2872 485 2929 est
499 2884 562 2929 rex
577 2866 864 2948 prudentissimus
885 2868 1078 2933 hominem:
1102 2868 1172 2932 dis·

226 2965 338 3030 cussis
352 2984 435 3029 vero
457 2965 662 3044 turbinibus,
679 2961 887 3050 ³serenoque
907 2968 1004 3052 pacis
1026 2967 1172 3047 reddito,

224 3085 294 3130 non
311 3064 424 3130 solum
439 3084 518 3149 quae
540 3068 681 3148 petebat
703 3087 773 3131 non
797 3068 929 3145 annuit,
946 3068 1171 3133 verumetiam

224 3165 376 3229 indebite
400 3172 537 3230 retenta
557 3174 713 3250 repetere
731 3168 861 3249 coepit3
884 3167 1038 3232 modeste
1055 3174 1171 3231 tamen

224 3273 261 3328 et
270 3264 430 3348 judiciali
440 3265 581 3348 placito,
595 3273 634 3329 ut
647 3266 733 3330 nihil
748 3266 841 3348 quod
854 3266 984 3331 faceret
999 3266 1173 3332 videretur

224 3365 393 3428 resultare
404 3364 477 3448 juri
494 3372 530 3428 et
545 3364 724 3429 calcitrare
749 3367 793 3429 ab
808 3384 919 3447 aequo.
971 3367 1070 3431 Tunc
1087 3386 1170 3431 vero
1184 3385 1238 3426 nn.
1250 3388 1305 3426 1104.

223 3462 433 3541 Willelmus,
459 3465 632 3553 sententia
641 3463 763 3547 judicii
779 3473 987 3547 expunctus,
1010 3466 1169 3548 indigna-

222 3562 360 3626 bundus
376 3569 412 3627 et
423 3563 573 3628 fremens
584 3563 837 3628 Normanniam
852 3565 958 3629 abiit:
975 3565 1034 3642 ibi,
1044 3574 1171 3649 praeter

223 3663 377 3727 assultus
402 3682 491 3745 quos
514 3663 620 3746 regiis
648 3663 801 3728 castellis
825 3664 944 3728 irritus
967 3663 1108 3742 fecerat,
1133 3666 1171 3729 in

222 3761 413 3826 Ricardum
427 3781 566 3846 quoque
581 3764 741 3827 comitem
759 3762 991 3841 Cestrensem,
1006 3762 1170 3845 Hugonis

222 3861 343 3939 filium,
370 3861 613 3941 debacchatus,
638 3861 806 3926 nonnulla
826 3862 983 3944 partibus
1009 3862 1085 3945 ejus
1108 3881 1170 3945 ap·

221 3961 381 4043 pendicia
395 3961 535 4039 invasit,
554 3963 695 4046 carpsit,
710 3962 853 4025 abrasit.
905 3961 993 4026 Erat
1010 3962 1069 4025 ille
1085 3970 1169 4025 tune

220 4080 284 4143 pro
307 4066 412 4125 aetate
436 4062 615 4144 parvulus,
628 4068 664 4126 et
686 4061 778 4144 regis
802 4060 881 4125 fidei
904 4059 1090 4144 tutelaeque
1113 4080 1170 4125 ac-

220 4160 470 4226 commodatus.

247 4310 255 4341 ¹
265 4313 401 4376 Serraoqao
408 4312 477 4376 pacis
487 4311 603 4375 reddita]
617 4313 647 4363 C.
656 4311 692 4361 D.
701 4311 734 4361 Ε.
742 4310 774 4361 L.
783 4326 792 4373 ;
807 4325 945 4373 somnoque
952 4325 1015 4373 pace
1023 4312 1132 4374 reddita,
1141 4312 1170 4363 S.
