<?xml version="1.0" encoding="UTF-8"?>
<!DOCTYPE html PUBLIC "-//W3C//DTD XHTML 1.0 Transitional//EN"
    "http://www.w3.org/TR/xhtml1/DTD/xhtml1-transitional.dtd">
<html xmlns="http://www.w3.org/1999/xhtml" xml:lang="en" lang="en">
 <head>
  <title>
</title>
<meta http-equiv="Content-Type" content="text/html;charset=utf-8" />
  <meta name='ocr-system' content='tesseract 3.04.00' />
  <meta name='ocr-capabilities' content='ocr_page ocr_carea ocr_par ocr_line ocrx_word'/>
</head>
<body>
  <div class='ocr_page' id='page_1' title='image "./willelmimalmesb01willgoog_0386.png"; bbox 0 0 3142 5025; ppageno 0'>
   <div class='ocr_carea' id='block_1_1' title="bbox 213 506 1178 592">
    <p class='ocr_par' dir='ltr' id='par_1_1' title="bbox 213 506 1178 592">
     <span class='ocr_line' id='line_1_1' title="bbox 213 506 1178 592; baseline -0.006 -17"><span class='ocrx_word' id='word_1_1' title='bbox 213 528 284 575; x_wconf 78' lang='lat' dir='ltr'><strong>mn.</strong></span> <span class='ocrx_word' id='word_1_2' title='bbox 300 510 391 592; x_wconf 46' lang='lat'><strong>111.]⁴</strong></span> <span class='ocrx_word' id='word_1_3' title='bbox 502 525 677 574; x_wconf 78' lang='lat' dir='ltr'><strong>nrsronm</strong></span> <span class='ocrx_word' id='word_1_4' title='bbox 700 524 880 572; x_wconf 74' lang='lat' dir='ltr'><strong>novumn.</strong></span> <span class='ocrx_word' id='word_1_5' title='bbox 1099 506 1178 570; x_wconf 65' lang='lat'>7213.</span> 
     </span>
    </p>
   </div>
   <div class='ocr_carea' id='block_1_2' title="bbox 212 680 1165 1241">
    <p class='ocr_par' dir='ltr' id='par_1_2' title="bbox 212 680 1165 1241">
     <span class='ocr_line' id='line_1_2' title="bbox 213 680 1165 765; baseline -0.001 -19"><span class='ocrx_word' id='word_1_6' title='bbox 213 683 360 756; x_wconf 86' lang='lat' dir='ltr'><strong>rundam</strong></span> <span class='ocrx_word' id='word_1_7' title='bbox 383 682 498 765; x_wconf 86' lang='lat' dir='ltr'><strong>palam</strong></span> <span class='ocrx_word' id='word_1_8' title='bbox 513 690 549 746; x_wconf 88' lang='lat' dir='ltr'><strong>et</strong></span> <span class='ocrx_word' id='word_1_9' title='bbox 561 682 727 764; x_wconf 85' lang='lat' dir='ltr'><strong>probrose</strong></span> <span class='ocrx_word' id='word_1_10' title='bbox 750 680 984 745; x_wconf 81' lang='lat' dir='ltr'><strong>dictitantium</strong></span> <span class='ocrx_word' id='word_1_11' title='bbox 1008 700 1077 744; x_wconf 92' lang='lat' dir='ltr'><strong>non</strong></span> <span class='ocrx_word' id='word_1_12' title='bbox 1101 700 1165 745; x_wconf 84' lang='lat' dir='ltr'><strong>ex-</strong></span> 
     </span>
     <span class='ocr_line' id='line_1_3' title="bbox 212 779 1164 864; baseline -0.001 -19"><span class='ocrx_word' id='word_1_13' title='bbox 212 782 330 864; x_wconf 85' lang='lat' dir='ltr'><strong>pedire</strong></span> <span class='ocrx_word' id='word_1_14' title='bbox 344 782 462 845; x_wconf 89' lang='lat' dir='ltr'><strong>comiti</strong></span> <span class='ocrx_word' id='word_1_15' title='bbox 476 789 517 846; x_wconf 93' lang='lat' dir='ltr'><strong>ut</strong></span> <span class='ocrx_word' id='word_1_16' title='bbox 534 800 652 862; x_wconf 85' lang='lat' dir='ltr'><strong>regem</strong></span> <span class='ocrx_word' id='word_1_17' title='bbox 677 800 777 845; x_wconf 91' lang='lat' dir='ltr'><strong>secus</strong></span> <span class='ocrx_word' id='word_1_18' title='bbox 801 779 841 843; x_wconf 84' lang='lat' dir='ltr'><strong>ac&#39;</strong></span> <span class='ocrx_word' id='word_1_19' title='bbox 863 779 931 862; x_wconf 85' lang='lat' dir='ltr'><strong>ipsi</strong></span> <span class='ocrx_word' id='word_1_20' title='bbox 946 780 1075 844; x_wconf 84' lang='lat' dir='ltr'><strong>vellent</strong></span> <span class='ocrx_word' id='word_1_21' title='bbox 1091 799 1164 844; x_wconf 78' lang='lat' dir='ltr'><strong>ser-</strong></span> 
     </span>
     <span class='ocr_line' id='line_1_4' title="bbox 214 879 1163 962; baseline -0.003 -16"><span class='ocrx_word' id='word_1_22' title='bbox 214 888 325 958; x_wconf 84' lang='lat' dir='ltr'><strong>varet,</strong></span> <span class='ocrx_word' id='word_1_23' title='bbox 340 880 444 944; x_wconf 89' lang='lat' dir='ltr'><strong>simul</strong></span> <span class='ocrx_word' id='word_1_24' title='bbox 458 886 495 945; x_wconf 88' lang='lat' dir='ltr'><strong>et</strong></span> <span class='ocrx_word' id='word_1_25' title='bbox 509 881 592 961; x_wconf 88' lang='lat' dir='ltr'><strong>quia</strong></span> <span class='ocrx_word' id='word_1_26' title='bbox 610 881 685 962; x_wconf 85' lang='lat' dir='ltr'><strong>ipse</strong></span> <span class='ocrx_word' id='word_1_27' title='bbox 705 879 880 943; x_wconf 80' lang='lat' dir='ltr'><strong>ferebatur</strong></span> <span class='ocrx_word' id='word_1_28' title='bbox 896 879 1090 961; x_wconf 88' lang='lat' dir='ltr'><strong>plusquam</strong></span> <span class='ocrx_word' id='word_1_29' title='bbox 1109 899 1163 943; x_wconf 91' lang='lat' dir='ltr'><strong>se-</strong></span> 
     </span>
     <span class='ocr_line' id='line_1_5' title="bbox 215 978 1164 1057; baseline -0.001 -15"><span class='ocrx_word' id='word_1_30' title='bbox 215 979 296 1057; x_wconf 93' lang='lat' dir='ltr'><strong>mel,</strong></span> <span class='ocrx_word' id='word_1_31' title='bbox 309 980 365 1044; x_wconf 90' lang='lat' dir='ltr'><strong>vel</strong></span> <span class='ocrx_word' id='word_1_32' title='bbox 378 979 484 1043; x_wconf 87' lang='lat' dir='ltr'><strong>elusis</strong></span> <span class='ocrx_word' id='word_1_33' title='bbox 498 980 554 1043; x_wconf 83' lang='lat' dir='ltr'><strong>vel</strong></span> <span class='ocrx_word' id='word_1_34' title='bbox 564 979 720 1043; x_wconf 87' lang='lat' dir='ltr'><strong>delinitis</strong></span> <span class='ocrx_word' id='word_1_35' title='bbox 744 978 959 1055; x_wconf 65' lang='lat' dir='ltr'><strong>custodibus</strong></span> <span class='ocrx_word' id='word_1_36' title='bbox 973 986 1075 1043; x_wconf 83' lang='lat' dir='ltr'><strong>extra</strong></span> <span class='ocrx_word' id='word_1_37' title='bbox 1091 986 1164 1042; x_wconf 87' lang='lat' dir='ltr'><strong>sta-</strong></span> 
     </span>
     <span class='ocr_line' id='line_1_6' title="bbox 217 1076 1163 1159; baseline -0.001 -18"><span class='ocrx_word' id='word_1_38' title='bbox 217 1087 329 1141; x_wconf 82' lang='lat' dir='ltr'><strong>tutam</strong></span> <span class='ocrx_word' id='word_1_39' title='bbox 348 1077 542 1141; x_wconf 84' lang='lat' dir='ltr'><strong>custodiam</strong></span> <span class='ocrx_word' id='word_1_40' title='bbox 562 1083 668 1140; x_wconf 90' lang='lat' dir='ltr'><strong>noctu</strong></span> <span class='ocrx_word' id='word_1_41' title='bbox 688 1076 881 1159; x_wconf 87' lang='lat' dir='ltr'><strong>praesertim</strong></span> <span class='ocrx_word' id='word_1_42' title='bbox 902 1079 1077 1155; x_wconf 79' lang='lat' dir='ltr'><strong>inventae,</strong></span> <span class='ocrx_word' id='word_1_43' title='bbox 1100 1097 1163 1141; x_wconf 92' lang='lat' dir='ltr'><strong>an-</strong></span> 
     </span>
     <span class='ocr_line' id='line_1_7' title="bbox 216 1176 728 1241; baseline 0.002 -1"><span class='ocrx_word' id='word_1_44' title='bbox 216 1178 308 1240; x_wconf 84' lang='lat' dir='ltr'><strong>nulis</strong></span> <span class='ocrx_word' id='word_1_45' title='bbox 323 1176 443 1241; x_wconf 80' lang='lat' dir='ltr'><strong>ferreis</strong></span> <span class='ocrx_word' id='word_1_46' title='bbox 460 1176 647 1240; x_wconf 83' lang='lat' dir='ltr'><strong>innodatus</strong></span> <span class='ocrx_word' id='word_1_47' title='bbox 662 1184 728 1241; x_wconf 88' lang='lat' dir='ltr'><strong>est.</strong></span> 
     </span>
    </p>
   </div>
   <div class='ocr_carea' id='block_1_3' title="bbox 216 1364 1164 1619">
    <p class='ocr_par' dir='ltr' id='par_1_3' title="bbox 216 1364 1164 1619">
     <span class='ocr_line' id='line_1_8' title="bbox 216 1364 1164 1428; baseline -0.004 -15"><span class='ocrx_word' id='word_1_48' title='bbox 216 1367 392 1427; x_wconf 81' lang='lat' dir='ltr'>QUOMODO</span> <span class='ocrx_word' id='word_1_49' title='bbox 409 1366 656 1428; x_wconf 81' lang='lat' dir='ltr'><strong>IMPERATRIX,</strong></span> <span class='ocrx_word' id='word_1_50' title='bbox 671 1364 875 1414; x_wconf 75' lang='lat' dir='ltr'><strong>INDUS&#39;I&#39;RIA</strong></span> <span class='ocrx_word' id='word_1_51' title='bbox 893 1364 1039 1412; x_wconf 83' lang='lat' dir='ltr'><strong>OOMI&#39;I&#39;IS</strong></span> <span class='ocrx_word' id='word_1_52' title='bbox 1055 1364 1164 1410; x_wconf 80' lang='lat' dir='ltr'>GLOR-</span> 
     </span>
     <span class='ocr_line' id='line_1_9' title="bbox 266 1463 1164 1526; baseline -0.001 -14"><span class='ocrx_word' id='word_1_53' title='bbox 266 1465 426 1526; x_wconf 80' lang='lat' dir='ltr'><strong>CES&#39;I&#39;RAE,</strong></span> <span class='ocrx_word' id='word_1_54' title='bbox 448 1466 474 1513; x_wconf 77' lang='lat' dir='ltr'>A</span> <span class='ocrx_word' id='word_1_55' title='bbox 496 1465 636 1512; x_wconf 85' lang='lat' dir='ltr'>LEGATO</span> <span class='ocrx_word' id='word_1_56' title='bbox 666 1466 710 1512; x_wconf 86' lang='lat' dir='ltr'><strong>ET</strong></span> <span class='ocrx_word' id='word_1_57' title='bbox 738 1464 953 1523; x_wconf 83' lang='lat' dir='ltr'><strong>QUIBUSDAM</strong></span> <span class='ocrx_word' id='word_1_58' title='bbox 983 1463 1164 1511; x_wconf 82' lang='lat' dir='ltr'><strong>EPISOOPIS</strong></span> 
     </span>
     <span class='ocr_line' id='line_1_10' title="bbox 237 1562 1064 1619; baseline 0 -9"><span class='ocrx_word' id='word_1_59' title='bbox 237 1614 243 1619; x_wconf 56' lang='grc'><strong>,</strong></span> <span class='ocrx_word' id='word_1_60' title='bbox 266 1564 311 1610; x_wconf 82' lang='grc' dir='ltr'><strong>ΕΤ</strong></span> <span class='ocrx_word' id='word_1_61' title='bbox 335 1564 561 1612; x_wconf 81' lang='lat' dir='ltr'><strong>PRIMA&#39;I&#39;IBUS</strong></span> <span class='ocrx_word' id='word_1_62' title='bbox 585 1564 783 1613; x_wconf 81' lang='lat' dir='ltr'><strong>WINTONIAE</strong></span> <span class='ocrx_word' id='word_1_63' title='bbox 808 1562 971 1609; x_wconf 81' lang='lat' dir='ltr'><strong>RECEPTA</strong></span> <span class='ocrx_word' id='word_1_64' title='bbox 995 1563 1064 1610; x_wconf 84' lang='lat' dir='ltr'><strong>SI&#39;I&#39;.</strong></span> 
     </span>
    </p>
   </div>
   <div class='ocr_carea' id='block_1_4' title="bbox 143 1670 1320 4032">
    <p class='ocr_par' dir='ltr' id='par_1_4' title="bbox 158 1670 1320 3142">
     <span class='ocr_line' id='line_1_11' title="bbox 267 1670 1312 1754; baseline -0.004 -19"><span class='ocrx_word' id='word_1_65' title='bbox 267 1671 355 1754; x_wconf 61' lang='lat'><strong>§42</strong></span> <span class='ocrx_word' id='word_1_66' title='bbox 379 1671 524 1736; x_wconf 82' lang='lat' dir='ltr'><strong>Interim</strong></span> <span class='ocrx_word' id='word_1_67' title='bbox 540 1678 576 1735; x_wconf 90' lang='lat' dir='ltr'><strong>et</strong></span> <span class='ocrx_word' id='word_1_68' title='bbox 590 1671 794 1754; x_wconf 83' lang='lat' dir='ltr'><strong>imperatrix</strong></span> <span class='ocrx_word' id='word_1_69' title='bbox 811 1678 847 1734; x_wconf 88' lang='lat' dir='ltr'><strong>et</strong></span> <span class='ocrx_word' id='word_1_70' title='bbox 863 1690 978 1735; x_wconf 87' lang='lat' dir='ltr'><strong>comes</strong></span> <span class='ocrx_word' id='word_1_71' title='bbox 1001 1671 1094 1753; x_wconf 89' lang='lat' dir='ltr'><strong>apud</strong></span> <span class='ocrx_word' id='word_1_72' title='bbox 1115 1670 1166 1733; x_wconf 91' lang='lat' dir='ltr'><strong>le·</strong></span> <span class='ocrx_word' id='word_1_73' title='bbox 1177 1690 1312 1741; x_wconf 72' lang='lat' dir='ltr'><strong>Nepotirtiou</strong></span> 
     </span>
     <span class='ocr_line' id='line_1_12' title="bbox 218 1742 1320 1854; baseline -0.004 -20"><span class='ocrx_word' id='word_1_74' title='bbox 218 1778 339 1853; x_wconf 77' lang='lat' dir='ltr'><strong>gotum</strong></span> <span class='ocrx_word' id='word_1_75' title='bbox 360 1770 504 1834; x_wconf 81' lang='lat' dir='ltr'><strong>fratrem</strong></span> <span class='ocrx_word' id='word_1_76' title='bbox 526 1771 603 1854; x_wconf 91' lang='lat' dir='ltr'><strong>ejus</strong></span> <span class='ocrx_word' id='word_1_77' title='bbox 628 1770 763 1833; x_wconf 89' lang='lat' dir='ltr'><strong>nunciis</strong></span> <span class='ocrx_word' id='word_1_78' title='bbox 793 1776 949 1851; x_wconf 87' lang='lat' dir='ltr'><strong>egerunt,</strong></span> <span class='ocrx_word' id='word_1_79' title='bbox 974 1778 1013 1834; x_wconf 86' lang='lat' dir='ltr'><strong>ut</strong></span> <span class='ocrx_word' id='word_1_80' title='bbox 1040 1771 1164 1851; x_wconf 87' lang='lat' dir='ltr'><strong>ipsam,</strong></span> <span class='ocrx_word' id='word_1_81' title='bbox 1177 1742 1320 1842; x_wconf 54' lang='lat' dir='ltr'><strong>milli</strong></span> 
     </span>
     <span class='ocr_line' id='line_1_13' title="bbox 216 1843 1297 1951; baseline 0.001 -18"><span class='ocrx_word' id='word_1_82' title='bbox 216 1876 383 1951; x_wconf 85' lang='lat' dir='ltr'><strong>tanquam</strong></span> <span class='ocrx_word' id='word_1_83' title='bbox 400 1871 493 1950; x_wconf 86' lang='lat' dir='ltr'><strong>regis</strong></span> <span class='ocrx_word' id='word_1_84' title='bbox 508 1869 654 1933; x_wconf 91' lang='lat' dir='ltr'><strong>Henrici</strong></span> <span class='ocrx_word' id='word_1_85' title='bbox 672 1868 791 1945; x_wconf 88' lang='lat' dir='ltr'><strong>filiam,</strong></span> <span class='ocrx_word' id='word_1_86' title='bbox 816 1876 852 1932; x_wconf 86' lang='lat' dir='ltr'><strong>et</strong></span> <span class='ocrx_word' id='word_1_87' title='bbox 873 1870 929 1933; x_wconf 91' lang='lat' dir='ltr'><strong>cui</strong></span> <span class='ocrx_word' id='word_1_88' title='bbox 954 1870 1066 1933; x_wconf 86' lang='lat' dir='ltr'><strong>omnis</strong></span> <span class='ocrx_word' id='word_1_89' title='bbox 1089 1868 1164 1933; x_wconf 83' lang='lat' dir='ltr'><strong>An·</strong></span> <span class='ocrx_word' id='word_1_90' title='bbox 1177 1843 1297 1891; x_wconf 50' lang='lat' dir='ltr'><strong>‘mmm&#39;</strong></span> 
     </span>
     <span class='ocr_line' id='line_1_14' title="bbox 217 1967 1165 2051; baseline -0.001 -20"><span class='ocrx_word' id='word_1_91' title='bbox 217 1968 291 2049; x_wconf 77' lang='lat' dir='ltr'><strong>glia</strong></span> <span class='ocrx_word' id='word_1_92' title='bbox 312 1975 348 2031; x_wconf 92' lang='lat' dir='ltr'><strong>et</strong></span> <span class='ocrx_word' id='word_1_93' title='bbox 371 1967 588 2032; x_wconf 86' lang='lat' dir='ltr'><strong>Normannia</strong></span> <span class='ocrx_word' id='word_1_94' title='bbox 601 1968 723 2051; x_wconf 86' lang='lat' dir='ltr'><strong>jurata</strong></span> <span class='ocrx_word' id='word_1_95' title='bbox 743 1974 847 2045; x_wconf 87' lang='lat' dir='ltr'><strong>esset,</strong></span> <span class='ocrx_word' id='word_1_96' title='bbox 868 1967 1108 2032; x_wconf 84' lang='lat' dir='ltr'><strong>incunctanter</strong></span> <span class='ocrx_word' id='word_1_97' title='bbox 1128 1969 1165 2032; x_wconf 94' lang='lat' dir='ltr'><strong>in</strong></span> 
     </span>
     <span class='ocr_line' id='line_1_15' title="bbox 217 2065 1270 2149; baseline 0.003 -20"><span class='ocrx_word' id='word_1_98' title='bbox 217 2067 398 2130; x_wconf 84' lang='lat' dir='ltr'><strong>ecelesiam</strong></span> <span class='ocrx_word' id='word_1_99' title='bbox 420 2074 458 2131; x_wconf 88' lang='lat' dir='ltr'><strong>et</strong></span> <span class='ocrx_word' id='word_1_100' title='bbox 471 2086 617 2148; x_wconf 85' lang='lat' dir='ltr'><strong>regnum</strong></span> <span class='ocrx_word' id='word_1_101' title='bbox 639 2068 819 2149; x_wconf 83' lang='lat' dir='ltr'><strong>reciperet.</strong></span> <span class='ocrx_word' id='word_1_102' title='bbox 872 2065 1009 2144; x_wconf 85' lang='lat' dir='ltr'><strong>Quarto</strong></span> <span class='ocrx_word' id='word_1_103' title='bbox 1032 2067 1165 2131; x_wconf 90' lang='lat' dir='ltr'><strong>decimo</strong></span> <span class='ocrx_word' id='word_1_104' title='bbox 1177 2091 1227 2132; x_wconf 76' lang='lat' dir='ltr'><strong>ra.</strong></span> <span class='ocrx_word' id='word_1_105' title='bbox 1238 2092 1270 2133; x_wconf 82' lang='lat' dir='ltr'><strong>ra</strong></span> 
     </span>
     <span class='ocr_line' id='line_1_16' title="bbox 158 2164 1164 2251; baseline 0.002 -23"><span class='ocrx_word' id='word_1_106' title='bbox 158 2248 159 2251; x_wconf 8' lang='grc' dir='ltr'><strong>Ἴ</strong></span> <span class='ocrx_word' id='word_1_107' title='bbox 216 2164 385 2230; x_wconf 81' lang='lat' dir='ltr'><strong>kalendas</strong></span> <span class='ocrx_word' id='word_1_108' title='bbox 405 2165 527 2229; x_wconf 88' lang='lat' dir='ltr'><strong>Martii</strong></span> <span class='ocrx_word' id='word_1_109' title='bbox 550 2185 591 2229; x_wconf 90' lang='lat' dir='ltr'><strong>eo</strong></span> <span class='ocrx_word' id='word_1_110' title='bbox 617 2184 710 2229; x_wconf 88' lang='lat' dir='ltr'><strong>anno</strong></span> <span class='ocrx_word' id='word_1_111' title='bbox 735 2166 848 2248; x_wconf 90' lang='lat' dir='ltr'><strong>prima</strong></span> <span class='ocrx_word' id='word_1_112' title='bbox 867 2165 1051 2230; x_wconf 89' lang='lat' dir='ltr'><strong>Dominiea</strong></span> <span class='ocrx_word' id='word_1_113' title='bbox 1068 2165 1164 2244; x_wconf 86' lang='lat' dir='ltr'><strong>Qua·</strong></span> 
     </span>
     <span class='ocr_line' id='line_1_17' title="bbox 218 2264 1165 2346; baseline 0.001 -19"><span class='ocrx_word' id='word_1_114' title='bbox 218 2264 422 2345; x_wconf 86' lang='lat' dir='ltr'><strong>dragesimae</strong></span> <span class='ocrx_word' id='word_1_115' title='bbox 438 2264 520 2330; x_wconf 79' lang='lat' dir='ltr'><strong>suit·</strong></span> <span class='ocrx_word' id='word_1_116' title='bbox 550 2264 621 2341; x_wconf 89' lang='lat' dir='ltr'><strong>Ita,</strong></span> <span class='ocrx_word' id='word_1_117' title='bbox 634 2264 865 2328; x_wconf 88' lang='lat' dir='ltr'><strong>mediantibus</strong></span> <span class='ocrx_word' id='word_1_118' title='bbox 878 2265 1060 2346; x_wconf 88' lang='lat' dir='ltr'><strong>utrobique</strong></span> <span class='ocrx_word' id='word_1_119' title='bbox 1077 2285 1165 2329; x_wconf 91' lang='lat' dir='ltr'><strong>nun-</strong></span> 
     </span>
     <span class='ocr_line' id='line_1_18' title="bbox 220 2362 1165 2446; baseline 0.001 -19"><span class='ocrx_word' id='word_1_120' title='bbox 220 2362 295 2440; x_wconf 84' lang='lat' dir='ltr'><strong>ciis,</strong></span> <span class='ocrx_word' id='word_1_121' title='bbox 312 2364 356 2428; x_wconf 90' lang='lat' dir='ltr'><strong>ad</strong></span> <span class='ocrx_word' id='word_1_122' title='bbox 370 2364 436 2428; x_wconf 91' lang='lat' dir='ltr'><strong>hoc</strong></span> <span class='ocrx_word' id='word_1_123' title='bbox 447 2383 502 2427; x_wconf 89' lang='lat' dir='ltr'><strong>res</strong></span> <span class='ocrx_word' id='word_1_124' title='bbox 517 2364 693 2446; x_wconf 84' lang='lat' dir='ltr'><strong>expedita,</strong></span> <span class='ocrx_word' id='word_1_125' title='bbox 707 2372 747 2428; x_wconf 91' lang='lat' dir='ltr'><strong>ut</strong></span> <span class='ocrx_word' id='word_1_126' title='bbox 763 2364 808 2427; x_wconf 89' lang='lat' dir='ltr'><strong>ad</strong></span> <span class='ocrx_word' id='word_1_127' title='bbox 824 2363 1034 2446; x_wconf 89' lang='lat' dir='ltr'><strong>colloquium</strong></span> <span class='ocrx_word' id='word_1_128' title='bbox 1049 2365 1085 2427; x_wconf 91' lang='lat' dir='ltr'><strong>in</strong></span> <span class='ocrx_word' id='word_1_129' title='bbox 1102 2384 1165 2446; x_wconf 91' lang='lat' dir='ltr'><strong>pa-</strong></span> 
     </span>
     <span class='ocr_line' id='line_1_19' title="bbox 219 2461 1166 2547; baseline 0 -19"><span class='ocrx_word' id='word_1_130' title='bbox 219 2463 308 2528; x_wconf 81' lang='lat' dir='ltr'><strong>tenti</strong></span> <span class='ocrx_word' id='word_1_131' title='bbox 323 2463 468 2546; x_wconf 82' lang='lat' dir='ltr'><strong>planitie</strong></span> <span class='ocrx_word' id='word_1_132' title='bbox 483 2482 684 2547; x_wconf 85' lang='lat' dir='ltr'><strong>camporum</strong></span> <span class='ocrx_word' id='word_1_133' title='bbox 699 2464 788 2527; x_wconf 87' lang='lat' dir='ltr'><strong>citra</strong></span> <span class='ocrx_word' id='word_1_134' title='bbox 804 2461 1020 2528; x_wconf 90' lang='lat' dir='ltr'><strong>Wintoniam</strong></span> <span class='ocrx_word' id='word_1_135' title='bbox 1040 2483 1166 2529; x_wconf 89' lang='lat' dir='ltr'><strong>conve-</strong></span> 
     </span>
     <span class='ocr_line' id='line_1_20' title="bbox 218 2562 1280 2644; baseline 0 -18"><span class='ocrx_word' id='word_1_136' title='bbox 218 2562 363 2628; x_wconf 85' lang='lat' dir='ltr'><strong>niretur.</strong></span> <span class='ocrx_word' id='word_1_137' title='bbox 413 2563 568 2627; x_wconf 87' lang='lat' dir='ltr'><strong>Ventum</strong></span> <span class='ocrx_word' id='word_1_138' title='bbox 582 2583 665 2644; x_wconf 83' lang='lat' dir='ltr'><strong>ergo</strong></span> <span class='ocrx_word' id='word_1_139' title='bbox 685 2563 870 2627; x_wconf 87' lang='lat' dir='ltr'><strong>Dominica</strong></span> <span class='ocrx_word' id='word_1_140' title='bbox 887 2564 990 2627; x_wconf 85' lang='lat' dir='ltr'><strong>tertia</strong></span> <span class='ocrx_word' id='word_1_141' title='bbox 1004 2562 1165 2641; x_wconf 84' lang='lat' dir='ltr'><strong>Quadra·</strong></span> <span class='ocrx_word' id='word_1_142' title='bbox 1178 2587 1280 2628; x_wconf 65' lang='lat' dir='ltr'><strong>nocua</strong></span> 
     </span>
     <span class='ocr_line' id='line_1_21' title="bbox 218 2662 1165 2745; baseline 0 -19"><span class='ocrx_word' id='word_1_143' title='bbox 218 2663 373 2744; x_wconf 82' lang='lat' dir='ltr'><strong>gesimae,</strong></span> <span class='ocrx_word' id='word_1_144' title='bbox 395 2662 554 2745; x_wconf 86' lang='lat' dir='ltr'><strong>pluvioso</strong></span> <span class='ocrx_word' id='word_1_145' title='bbox 569 2670 605 2727; x_wconf 91' lang='lat' dir='ltr'><strong>et</strong></span> <span class='ocrx_word' id='word_1_146' title='bbox 617 2662 782 2726; x_wconf 88' lang='lat' dir='ltr'><strong>nebuloso</strong></span> <span class='ocrx_word' id='word_1_147' title='bbox 798 2662 865 2739; x_wconf 89' lang='lat' dir='ltr'><strong>die,</strong></span> <span class='ocrx_word' id='word_1_148' title='bbox 882 2663 982 2743; x_wconf 83' lang='lat' dir='ltr'><strong>quasi</strong></span> <span class='ocrx_word' id='word_1_149' title='bbox 1004 2670 1165 2728; x_wconf 85' lang='lat' dir='ltr'><strong>moestam</strong></span> 
     </span>
     <span class='ocr_line' id='line_1_22' title="bbox 177 2759 1167 2844; baseline 0.002 -19"><span class='ocrx_word' id='word_1_150' title='bbox 177 2789 181 2797; x_wconf 95' lang='lat'><em>·</em></span> <span class='ocrx_word' id='word_1_151' title='bbox 219 2780 334 2825; x_wconf 87' lang='lat' dir='ltr'><strong>causae</strong></span> <span class='ocrx_word' id='word_1_152' title='bbox 345 2759 616 2827; x_wconf 79' lang='lat' dir='ltr'><strong>vicissitudinem</strong></span> <span class='ocrx_word' id='word_1_153' title='bbox 626 2762 718 2825; x_wconf 89' lang='lat' dir='ltr'><strong>Fata</strong></span> <span class='ocrx_word' id='word_1_154' title='bbox 729 2761 983 2844; x_wconf 84' lang='lat' dir='ltr'><strong>portenderent.</strong></span> <span class='ocrx_word' id='word_1_155' title='bbox 1024 2762 1167 2827; x_wconf 79' lang='lat' dir='ltr'><strong>Iuravit</strong></span> 
     </span>
     <span class='ocr_line' id='line_1_23' title="bbox 220 2858 1166 2943; baseline 0.001 -19"><span class='ocrx_word' id='word_1_156' title='bbox 220 2866 256 2924; x_wconf 84' lang='lat' dir='ltr'><strong>et</strong></span> <span class='ocrx_word' id='word_1_157' title='bbox 269 2858 422 2924; x_wconf 85' lang='lat' dir='ltr'><strong>affidavit</strong></span> <span class='ocrx_word' id='word_1_158' title='bbox 437 2861 640 2943; x_wconf 84' lang='lat' dir='ltr'><strong>imperatrix</strong></span> <span class='ocrx_word' id='word_1_159' title='bbox 657 2860 832 2943; x_wconf 88' lang='lat' dir='ltr'><strong>episcopo,</strong></span> <span class='ocrx_word' id='word_1_160' title='bbox 848 2861 940 2942; x_wconf 91' lang='lat' dir='ltr'><strong>quod</strong></span> <span class='ocrx_word' id='word_1_161' title='bbox 959 2861 1076 2925; x_wconf 91' lang='lat' dir='ltr'><strong>omnia</strong></span> <span class='ocrx_word' id='word_1_162' title='bbox 1092 2881 1166 2925; x_wconf 88' lang='lat' dir='ltr'><strong>ma-</strong></span> 
     </span>
     <span class='ocr_line' id='line_1_24' title="bbox 214 2958 1167 3042; baseline 0.002 -20"><span class='ocrx_word' id='word_1_163' title='bbox 214 2958 296 3042; x_wconf 85' lang='lat' dir='ltr'><strong>jora</strong></span> <span class='ocrx_word' id='word_1_164' title='bbox 321 2960 463 3040; x_wconf 86' lang='lat' dir='ltr'><strong>negotia</strong></span> <span class='ocrx_word' id='word_1_165' title='bbox 486 2961 523 3023; x_wconf 93' lang='lat' dir='ltr'><strong>in</strong></span> <span class='ocrx_word' id='word_1_166' title='bbox 538 2958 680 3042; x_wconf 82' lang='lat' dir='ltr'><strong>Anglia,</strong></span> <span class='ocrx_word' id='word_1_167' title='bbox 699 2958 941 3042; x_wconf 89' lang='lat' dir='ltr'><strong>praecipueque</strong></span> <span class='ocrx_word' id='word_1_168' title='bbox 962 2959 1167 3025; x_wconf 87' lang='lat' dir='ltr'><strong>donationes</strong></span> 
     </span>
     <span class='ocr_line' id='line_1_25' title="bbox 219 3057 1165 3142; baseline 0.001 -20"><span class='ocrx_word' id='word_1_169' title='bbox 219 3059 480 3142; x_wconf 81' lang='lat' dir='ltr'><strong>episcopatuum</strong></span> <span class='ocrx_word' id='word_1_170' title='bbox 498 3066 533 3123; x_wconf 88' lang='lat' dir='ltr'><strong>et</strong></span> <span class='ocrx_word' id='word_1_171' title='bbox 550 3060 777 3135; x_wconf 87' lang='lat' dir='ltr'><strong>abbatiarum,</strong></span> <span class='ocrx_word' id='word_1_172' title='bbox 793 3057 869 3141; x_wconf 86' lang='lat' dir='ltr'><strong>ejus</strong></span> <span class='ocrx_word' id='word_1_173' title='bbox 885 3066 1006 3123; x_wconf 90' lang='lat' dir='ltr'><strong>nutum</strong></span> <span class='ocrx_word' id='word_1_174' title='bbox 1029 3067 1165 3142; x_wconf 88' lang='lat' dir='ltr'><strong>specta-</strong></span> 
     </span>
    </p>

    <p class='ocr_par' dir='ltr' id='par_1_5' title="bbox 143 3153 1183 4032">
     <span class='ocr_line' id='line_1_26' title="bbox 219 3153 1166 3241; baseline 0.003 -21"><span class='ocrx_word' id='word_1_175' title='bbox 219 3165 309 3235; x_wconf 89' lang='lat' dir='ltr'><strong>rent,</strong></span> <span class='ocrx_word' id='word_1_176' title='bbox 326 3158 357 3222; x_wconf 93' lang='lat' dir='ltr'><strong>si</strong></span> <span class='ocrx_word' id='word_1_177' title='bbox 378 3177 455 3222; x_wconf 89' lang='lat' dir='ltr'><strong>eam</strong></span> <span class='ocrx_word' id='word_1_178' title='bbox 473 3159 548 3241; x_wconf 90' lang='lat' dir='ltr'><strong>ipse</strong></span> <span class='ocrx_word' id='word_1_179' title='bbox 564 3153 616 3221; x_wconf 91' lang='lat' dir='ltr'><strong>¹in</strong></span> <span class='ocrx_word' id='word_1_180' title='bbox 636 3165 758 3222; x_wconf 87' lang='lat' dir='ltr'><strong>sancta</strong></span> <span class='ocrx_word' id='word_1_181' title='bbox 779 3157 926 3222; x_wconf 88' lang='lat' dir='ltr'><strong>ecelesia</strong></span> <span class='ocrx_word' id='word_1_182' title='bbox 940 3159 977 3222; x_wconf 92' lang='lat' dir='ltr'><strong>in</strong></span> <span class='ocrx_word' id='word_1_183' title='bbox 991 3158 1166 3223; x_wconf 73' lang='lat' dir='ltr'><strong>domimum</strong></span> 
     </span>
     <span class='ocr_line' id='line_1_27' title="bbox 146 3238 1165 3339; baseline 0.003 -20"><span class='ocrx_word' id='word_1_184' title='bbox 146 3238 154 3256; x_wconf 68' lang='lat'><em>⁶</em></span> <span class='ocrx_word' id='word_1_185' title='bbox 219 3257 399 3337; x_wconf 86' lang='lat' dir='ltr'><strong>reciperet,</strong></span> <span class='ocrx_word' id='word_1_186' title='bbox 430 3264 466 3320; x_wconf 92' lang='lat' dir='ltr'><strong>et</strong></span> <span class='ocrx_word' id='word_1_187' title='bbox 494 3265 696 3339; x_wconf 88' lang='lat' dir='ltr'><strong>perpetuam</strong></span> <span class='ocrx_word' id='word_1_188' title='bbox 726 3257 758 3320; x_wconf 89' lang='lat' dir='ltr'><strong>ei</strong></span> <span class='ocrx_word' id='word_1_189' title='bbox 788 3256 990 3320; x_wconf 87' lang='lat' dir='ltr'><strong>fidelitatem</strong></span> <span class='ocrx_word' id='word_1_190' title='bbox 1022 3264 1165 3322; x_wconf 88' lang='lat' dir='ltr'><strong>teneret.</strong></span> 
     </span>
     <span class='ocr_line' id='line_1_28' title="bbox 222 3353 1183 3436; baseline 0.003 -20"><span class='ocrx_word' id='word_1_191' title='bbox 222 3353 320 3416; x_wconf 92' lang='lat' dir='ltr'><strong>Idem</strong></span> <span class='ocrx_word' id='word_1_192' title='bbox 330 3354 539 3436; x_wconf 88' lang='lat' dir='ltr'><strong>juraverunt</strong></span> <span class='ocrx_word' id='word_1_193' title='bbox 553 3375 632 3419; x_wconf 92' lang='lat' dir='ltr'><strong>cum</strong></span> <span class='ocrx_word' id='word_1_194' title='bbox 653 3374 707 3433; x_wconf 87' lang='lat' dir='ltr'><strong>ea,</strong></span> <span class='ocrx_word' id='word_1_195' title='bbox 719 3363 756 3420; x_wconf 90' lang='lat' dir='ltr'><strong>et</strong></span> <span class='ocrx_word' id='word_1_196' title='bbox 777 3353 1005 3419; x_wconf 87' lang='lat' dir='ltr'><strong>affidaverunt</strong></span> <span class='ocrx_word' id='word_1_197' title='bbox 1027 3375 1090 3436; x_wconf 91' lang='lat' dir='ltr'><strong>pro</strong></span> <span class='ocrx_word' id='word_1_198' title='bbox 1113 3376 1183 3434; x_wconf 54' lang='lat' dir='ltr'><strong>ea„</strong></span> 
     </span>
     <span class='ocr_line' id='line_1_29' title="bbox 223 3451 1168 3537; baseline 0.004 -22"><span class='ocrx_word' id='word_1_199' title='bbox 223 3451 400 3516; x_wconf 79' lang='lat' dir='ltr'><strong>Bobertus</strong></span> <span class='ocrx_word' id='word_1_200' title='bbox 427 3453 535 3517; x_wconf 84' lang='lat' dir='ltr'><strong>frater</strong></span> <span class='ocrx_word' id='word_1_201' title='bbox 564 3454 640 3537; x_wconf 87' lang='lat' dir='ltr'><strong>ejus</strong></span> <span class='ocrx_word' id='word_1_202' title='bbox 667 3471 782 3517; x_wconf 88' lang='lat' dir='ltr'><strong>comes</strong></span> <span class='ocrx_word' id='word_1_203' title='bbox 812 3453 855 3516; x_wconf 88' lang='lat' dir='ltr'><strong>de</strong></span> <span class='ocrx_word' id='word_1_204' title='bbox 886 3451 1100 3530; x_wconf 86' lang='lat' dir='ltr'><strong>Gloecestra,</strong></span> <span class='ocrx_word' id='word_1_205' title='bbox 1132 3463 1168 3519; x_wconf 89' lang='lat' dir='ltr'><strong>et</strong></span> 
     </span>
     <span class='ocr_line' id='line_1_30' title="bbox 222 3550 1168 3633; baseline 0.002 -19"><span class='ocrx_word' id='word_1_206' title='bbox 222 3551 375 3615; x_wconf 83' lang='lat' dir='ltr'><strong>Brianus</strong></span> <span class='ocrx_word' id='word_1_207' title='bbox 399 3551 491 3615; x_wconf 87' lang='lat' dir='ltr'><strong>filius</strong></span> <span class='ocrx_word' id='word_1_208' title='bbox 513 3552 647 3616; x_wconf 88' lang='lat' dir='ltr'><strong>comitis</strong></span> <span class='ocrx_word' id='word_1_209' title='bbox 671 3550 825 3615; x_wconf 90' lang='lat' dir='ltr'><strong>marchio</strong></span> <span class='ocrx_word' id='word_1_210' title='bbox 851 3552 894 3616; x_wconf 88' lang='lat' dir='ltr'><strong>de</strong></span> <span class='ocrx_word' id='word_1_211' title='bbox 916 3551 1168 3633; x_wconf 86' lang='lat' dir='ltr'><strong>Walingesord,</strong></span> 
     </span>
     <span class='ocr_line' id='line_1_31' title="bbox 222 3648 1169 3734; baseline 0.002 -20"><span class='ocrx_word' id='word_1_212' title='bbox 222 3657 258 3714; x_wconf 90' lang='lat' dir='ltr'><strong>et</strong></span> <span class='ocrx_word' id='word_1_213' title='bbox 274 3649 363 3714; x_wconf 83' lang='lat' dir='ltr'><strong>Milo</strong></span> <span class='ocrx_word' id='word_1_214' title='bbox 376 3648 419 3714; x_wconf 93' lang='lat' dir='ltr'><strong>de</strong></span> <span class='ocrx_word' id='word_1_215' title='bbox 434 3649 649 3729; x_wconf 82' lang='lat' dir='ltr'><strong>Gloecestra,</strong></span> <span class='ocrx_word' id='word_1_216' title='bbox 663 3658 787 3734; x_wconf 87' lang='lat' dir='ltr'><strong>postea</strong></span> <span class='ocrx_word' id='word_1_217' title='bbox 797 3670 911 3715; x_wconf 87' lang='lat' dir='ltr'><strong>comes</strong></span> <span class='ocrx_word' id='word_1_218' title='bbox 925 3650 968 3714; x_wconf 89' lang='lat' dir='ltr'><strong>de</strong></span> <span class='ocrx_word' id='word_1_219' title='bbox 983 3650 1169 3730; x_wconf 83' lang='lat' dir='ltr'><strong>Hereford,</strong></span> 
     </span>
     <span class='ocr_line' id='line_1_32' title="bbox 143 3749 1170 3833; baseline 0.002 -20"><span class='ocrx_word' id='word_1_220' title='bbox 143 3753 148 3761; x_wconf 86' lang='lat'>&#39;</span> <span class='ocrx_word' id='word_1_221' title='bbox 224 3755 259 3814; x_wconf 88' lang='lat' dir='ltr'><strong>et</strong></span> <span class='ocrx_word' id='word_1_222' title='bbox 272 3749 430 3813; x_wconf 89' lang='lat' dir='ltr'><strong>nonnulli</strong></span> <span class='ocrx_word' id='word_1_223' title='bbox 444 3749 515 3814; x_wconf 87' lang='lat' dir='ltr'><strong>alii.</strong></span> <span class='ocrx_word' id='word_1_224' title='bbox 550 3749 627 3814; x_wconf 90' lang='lat' dir='ltr'><strong>Nec</strong></span> <span class='ocrx_word' id='word_1_225' title='bbox 643 3749 817 3814; x_wconf 87' lang='lat' dir='ltr'><strong>dubitavit</strong></span> <span class='ocrx_word' id='word_1_226' title='bbox 826 3751 1008 3832; x_wconf 88' lang='lat' dir='ltr'><strong>episcopus</strong></span> <span class='ocrx_word' id='word_1_227' title='bbox 1022 3751 1170 3833; x_wconf 85' lang='lat' dir='ltr'><strong>impera-</strong></span> 
     </span>
     <span class='ocr_line' id='line_1_33' title="bbox 223 3847 1170 3931; baseline 0.002 -17"><span class='ocrx_word' id='word_1_228' title='bbox 223 3849 344 3914; x_wconf 88' lang='lat' dir='ltr'><strong>tricem</strong></span> <span class='ocrx_word' id='word_1_229' title='bbox 365 3849 402 3913; x_wconf 92' lang='lat' dir='ltr'><strong>in</strong></span> <span class='ocrx_word' id='word_1_230' title='bbox 424 3849 597 3912; x_wconf 93' lang='lat' dir='ltr'><strong>dominam</strong></span> <span class='ocrx_word' id='word_1_231' title='bbox 620 3847 760 3931; x_wconf 84' lang='lat' dir='ltr'><strong>Angliae</strong></span> <span class='ocrx_word' id='word_1_232' title='bbox 790 3849 954 3930; x_wconf 87' lang='lat' dir='ltr'><strong>recipere,</strong></span> <span class='ocrx_word' id='word_1_233' title='bbox 977 3851 1066 3914; x_wconf 90' lang='lat' dir='ltr'><strong>etei</strong></span> <span class='ocrx_word' id='word_1_234' title='bbox 1091 3870 1170 3916; x_wconf 87' lang='lat' dir='ltr'><strong>curn</strong></span> 
     </span>
     <span class='ocr_line' id='line_1_34' title="bbox 223 3946 1170 4032; baseline 0.003 -21"><span class='ocrx_word' id='word_1_235' title='bbox 223 3947 430 4031; x_wconf 86' lang='lat' dir='ltr'><strong>quibusdam</strong></span> <span class='ocrx_word' id='word_1_236' title='bbox 444 3947 516 4011; x_wconf 92' lang='lat' dir='ltr'><strong>suis</strong></span> <span class='ocrx_word' id='word_1_237' title='bbox 532 3946 684 4026; x_wconf 90' lang='lat' dir='ltr'><strong>affidare,</strong></span> <span class='ocrx_word' id='word_1_238' title='bbox 698 3947 804 4029; x_wconf 91' lang='lat' dir='ltr'><strong>quod,</strong></span> <span class='ocrx_word' id='word_1_239' title='bbox 821 3948 986 4030; x_wconf 90' lang='lat' dir='ltr'><strong>quamdiu</strong></span> <span class='ocrx_word' id='word_1_240' title='bbox 1000 3950 1077 4031; x_wconf 86' lang='lat' dir='ltr'><strong>ipsa</strong></span> <span class='ocrx_word' id='word_1_241' title='bbox 1088 3969 1170 4032; x_wconf 88' lang='lat' dir='ltr'><strong>pac-</strong></span> 
     </span>
    </p>
   </div>
   <div class='ocr_carea' id='block_1_5' title="bbox 223 4046 1172 4131">
    <p class='ocr_par' dir='ltr' id='par_1_6' title="bbox 223 4046 1172 4131">
     <span class='ocr_line' id='line_1_35' title="bbox 223 4046 1172 4131; baseline 0.005 -21"><span class='ocrx_word' id='word_1_242' title='bbox 223 4053 299 4118; x_wconf 89' lang='lat' dir='ltr'><strong>tum</strong></span> <span class='ocrx_word' id='word_1_243' title='bbox 314 4067 385 4111; x_wconf 92' lang='lat' dir='ltr'><strong>non</strong></span> <span class='ocrx_word' id='word_1_244' title='bbox 407 4046 620 4129; x_wconf 85' lang='lat' dir='ltr'><strong>infringeret,</strong></span> <span class='ocrx_word' id='word_1_245' title='bbox 634 4047 710 4131; x_wconf 87' lang='lat' dir='ltr'><strong>ipse</strong></span> <span class='ocrx_word' id='word_1_246' title='bbox 724 4066 861 4130; x_wconf 86' lang='lat' dir='ltr'><strong>quoque</strong></span> <span class='ocrx_word' id='word_1_247' title='bbox 884 4047 986 4111; x_wconf 88' lang='lat' dir='ltr'><strong>fidem</strong></span> <span class='ocrx_word' id='word_1_248' title='bbox 1007 4050 1040 4114; x_wconf 87' lang='lat' dir='ltr'><strong>ei</strong></span> <span class='ocrx_word' id='word_1_249' title='bbox 1054 4056 1172 4114; x_wconf 89' lang='lat' dir='ltr'><strong>eusto-</strong></span> 
     </span>
    </p>
   </div>
   <div class='ocr_carea' id='block_1_6' title="bbox 507 4295 1052 4436">
    <p class='ocr_par' dir='ltr' id='par_1_7' title="bbox 507 4295 1052 4436">
     <span class='ocr_line' id='line_1_36' title="bbox 507 4295 892 4362; baseline 0.008 -15"><span class='ocrx_word' id='word_1_250' title='bbox 507 4295 517 4330; x_wconf 88' lang='lat'>¹</span> <span class='ocrx_word' id='word_1_251' title='bbox 528 4299 581 4361; x_wconf 74' lang='lat' dir='ltr'><strong>Ia]</strong></span> <span class='ocrx_word' id='word_1_252' title='bbox 599 4298 628 4348; x_wconf 78' lang='lat' dir='ltr'><strong>S.</strong></span> <span class='ocrx_word' id='word_1_253' title='bbox 640 4299 675 4350; x_wconf 87' lang='lat' dir='ltr'><strong>D.</strong></span> <span class='ocrx_word' id='word_1_254' title='bbox 686 4316 694 4360; x_wconf 88' lang='lat'>;</span> <span class='ocrx_word' id='word_1_255' title='bbox 716 4315 784 4362; x_wconf 87' lang='lat' dir='ltr'><strong>enm,</strong></span> <span class='ocrx_word' id='word_1_256' title='bbox 796 4301 828 4350; x_wconf 86' lang='grc' dir='ltr'><strong>Ε.</strong></span> <span class='ocrx_word' id='word_1_257' title='bbox 840 4301 892 4350; x_wconf 70' lang='lat' dir='ltr'><strong>LI.</strong></span> 
     </span>
     <span class='ocr_line' id='line_1_37' title="bbox 973 4391 1052 4436; baseline 0 0"><span class='ocrx_word' id='word_1_258' title='bbox 973 4391 987 4436; x_wconf 77' lang='grc'><strong>3</strong></span> <span class='ocrx_word' id='word_1_259' title='bbox 1005 4401 1019 4435; x_wconf 90' lang='lat' dir='ltr'><strong>c</strong></span> <span class='ocrx_word' id='word_1_260' title='bbox 1036 4393 1052 4436; x_wconf 60' lang='grc' dir='ltr'>ἓ</span> 
     </span>
    </p>
   </div>
   <div class='ocr_carea' id='block_1_7' title="bbox 0 0 1587 5025">
    <p class='ocr_par' dir='ltr' id='par_1_8' title="bbox 0 0 1587 5025">
     <span class='ocr_line' id='line_1_38' title="bbox 0 0 1587 5025; baseline 0 0"><span class='ocrx_word' id='word_1_261' title='bbox 0 0 1587 5025; x_wconf 95' lang='lat' dir='ltr'><strong> </strong></span> 
     </span>
    </p>
   </div>
  </div>
 </body>
</html>
