<?xml version="1.0" encoding="UTF-8"?>
<!DOCTYPE html PUBLIC "-//W3C//DTD XHTML 1.0 Transitional//EN"
    "http://www.w3.org/TR/xhtml1/DTD/xhtml1-transitional.dtd">
<html xmlns="http://www.w3.org/1999/xhtml" xml:lang="en" lang="en">
 <head>
  <title>
</title>
<meta http-equiv="Content-Type" content="text/html;charset=utf-8" />
  <meta name='ocr-system' content='tesseract 3.04.00' />
  <meta name='ocr-capabilities' content='ocr_page ocr_carea ocr_par ocr_line ocrx_word'/>
</head>
<body>
  <div class='ocr_page' id='page_1' title='image "./willelmimalmesb01willgoog_0100.png"; bbox 0 0 3142 5025; ppageno 0'>
   <div class='ocr_carea' id='block_1_1' title="bbox 240 499 1193 578">
    <p class='ocr_par' dir='ltr' id='par_1_1' title="bbox 240 499 1193 578">
     <span class='ocr_line' id='line_1_1' title="bbox 240 499 1193 578; baseline 0.007 -19"><span class='ocrx_word' id='word_1_1' title='bbox 240 499 401 578; x_wconf 75' lang='lat' dir='ltr'><strong>marin]</strong></span> <span class='ocrx_word' id='word_1_2' title='bbox 475 515 589 564; x_wconf 77' lang='lat' dir='ltr'><strong>casm</strong></span> <span class='ocrx_word' id='word_1_3' title='bbox 613 517 738 566; x_wconf 78' lang='lat' dir='ltr'><strong>ancum</strong></span> <span class='ocrx_word' id='word_1_4' title='bbox 764 519 977 568; x_wconf 70' lang='lat' dir='ltr'><strong>inomaus.</strong></span> <span class='ocrx_word' id='word_1_5' title='bbox 1128 503 1193 566; x_wconf 79' lang='lat'><strong>457</strong></span> 
     </span>
    </p>
   </div>
   <div class='ocr_carea' id='block_1_2' title="bbox 215 673 1336 4140">
    <p class='ocr_par' dir='ltr' id='par_1_2' title="bbox 215 673 1336 4140">
     <span class='ocr_line' id='line_1_2' title="bbox 238 673 1192 752; baseline 0.002 -16"><span class='ocrx_word' id='word_1_6' title='bbox 238 693 325 752; x_wconf 89' lang='lat' dir='ltr'><strong>mes,</strong></span> <span class='ocrx_word' id='word_1_7' title='bbox 354 673 516 738; x_wconf 89' lang='lat' dir='ltr'><strong>comitem</strong></span> <span class='ocrx_word' id='word_1_8' title='bbox 532 673 668 740; x_wconf 83' lang='lat' dir='ltr'><strong>Cantiae</strong></span> <span class='ocrx_word' id='word_1_9' title='bbox 692 696 755 740; x_wconf 88' lang='lat' dir='ltr'><strong>rex</strong></span> <span class='ocrx_word' id='word_1_10' title='bbox 778 675 941 740; x_wconf 84' lang='lat' dir='ltr'><strong>instituit.</strong></span> <span class='ocrx_word' id='word_1_11' title='bbox 993 674 1192 740; x_wconf 85' lang='lat' dir='ltr'><strong>Callidioris</strong></span> 
     </span>
     <span class='ocr_line' id='line_1_3' title="bbox 237 773 1191 856; baseline 0.002 -19"><span class='ocrx_word' id='word_1_12' title='bbox 237 776 389 854; x_wconf 79' lang='lat' dir='ltr'><strong>pectoris</strong></span> <span class='ocrx_word' id='word_1_13' title='bbox 411 775 471 838; x_wconf 89' lang='lat' dir='ltr'><strong>ille</strong></span> <span class='ocrx_word' id='word_1_14' title='bbox 493 775 600 839; x_wconf 90' lang='lat' dir='ltr'><strong>totius</strong></span> <span class='ocrx_word' id='word_1_15' title='bbox 614 773 754 856; x_wconf 83' lang='lat' dir='ltr'><strong>Angliae</strong></span> <span class='ocrx_word' id='word_1_16' title='bbox 770 775 1006 840; x_wconf 85' lang='lat' dir='ltr'><strong>vicedominus</strong></span> <span class='ocrx_word' id='word_1_17' title='bbox 1028 776 1093 838; x_wconf 90' lang='lat' dir='ltr'><strong>sub</strong></span> <span class='ocrx_word' id='word_1_18' title='bbox 1109 795 1191 856; x_wconf 82' lang='lat' dir='ltr'><strong>rege</strong></span> 
     </span>
     <span class='ocr_line' id='line_1_4' title="bbox 235 873 1190 957; baseline 0.002 -21"><span class='ocrx_word' id='word_1_19' title='bbox 235 873 315 950; x_wconf 88' lang='lat' dir='ltr'><strong>fuit,</strong></span> <span class='ocrx_word' id='word_1_20' title='bbox 337 881 419 956; x_wconf 88' lang='lat' dir='ltr'><strong>post</strong></span> <span class='ocrx_word' id='word_1_21' title='bbox 440 893 559 938; x_wconf 82' lang='lat' dir='ltr'><strong>necem</strong></span> <span class='ocrx_word' id='word_1_22' title='bbox 577 873 744 939; x_wconf 88' lang='lat' dir='ltr'><strong>Willelmi</strong></span> <span class='ocrx_word' id='word_1_23' title='bbox 767 874 830 938; x_wconf 92' lang='lat' dir='ltr'><strong>filii</strong></span> <span class='ocrx_word' id='word_1_24' title='bbox 852 874 1011 939; x_wconf 91' lang='lat' dir='ltr'><strong>Osberni.</strong></span> <span class='ocrx_word' id='word_1_25' title='bbox 1064 874 1190 957; x_wconf 88' lang='lat' dir='ltr'><strong>Itaque</strong></span> 
     </span>
     <span class='ocr_line' id='line_1_5' title="bbox 234 972 1190 1056; baseline 0.005 -22"><span class='ocrx_word' id='word_1_26' title='bbox 234 972 271 1034; x_wconf 89' lang='lat' dir='ltr'><strong>in</strong></span> <span class='ocrx_word' id='word_1_27' title='bbox 294 973 504 1055; x_wconf 81' lang='lat' dir='ltr'><strong>aggerandis</strong></span> <span class='ocrx_word' id='word_1_28' title='bbox 525 974 697 1038; x_wconf 82' lang='lat' dir='ltr'><strong>thesauris</strong></span> <span class='ocrx_word' id='word_1_29' title='bbox 719 973 839 1052; x_wconf 89' lang='lat' dir='ltr'><strong>mirus,</strong></span> <span class='ocrx_word' id='word_1_30' title='bbox 854 976 1076 1056; x_wconf 79' lang='lat' dir='ltr'><strong>tergiversari</strong></span> <span class='ocrx_word' id='word_1_31' title='bbox 1091 977 1190 1039; x_wconf 83' lang='lat' dir='ltr'><strong>mirae</strong></span> 
     </span>
     <span class='ocr_line' id='line_1_6' title="bbox 236 1064 1187 1158; baseline 0.001 -22"><span class='ocrx_word' id='word_1_32' title='bbox 236 1064 406 1158; x_wconf 53' lang='lat' dir='ltr'><strong>&#39;astutia</strong></span> <span class='ocrx_word' id='word_1_33' title='bbox 422 1093 511 1156; x_wconf 89' lang='lat' dir='ltr'><strong>pene</strong></span> <span class='ocrx_word' id='word_1_34' title='bbox 533 1081 698 1156; x_wconf 88' lang='lat' dir='ltr'><strong>papatum</strong></span> <span class='ocrx_word' id='word_1_35' title='bbox 723 1073 920 1138; x_wconf 89' lang='lat' dir='ltr'><strong>Romanum</strong></span> <span class='ocrx_word' id='word_1_36' title='bbox 941 1075 1066 1138; x_wconf 80' lang='lat' dir='ltr'><strong>absens</strong></span> <span class='ocrx_word' id='word_1_37' title='bbox 1091 1093 1113 1137; x_wconf 91' lang='lat' dir='ltr'><strong>a</strong></span> <span class='ocrx_word' id='word_1_38' title='bbox 1138 1075 1187 1137; x_wconf 89' lang='lat' dir='ltr'><strong>ci-</strong></span> 
     </span>
     <span class='ocr_line' id='line_1_7' title="bbox 234 1172 1186 1257; baseline 0.003 -23"><span class='ocrx_word' id='word_1_39' title='bbox 234 1172 336 1235; x_wconf 86' lang='lat' dir='ltr'><strong>vibus</strong></span> <span class='ocrx_word' id='word_1_40' title='bbox 354 1179 527 1236; x_wconf 87' lang='lat' dir='ltr'><strong>mercatus</strong></span> <span class='ocrx_word' id='word_1_41' title='bbox 541 1173 674 1251; x_wconf 81' lang='lat' dir='ltr'><strong>fuerat3</strong></span> <span class='ocrx_word' id='word_1_42' title='bbox 697 1192 800 1255; x_wconf 91' lang='lat' dir='ltr'><strong>peras</strong></span> <span class='ocrx_word' id='word_1_43' title='bbox 814 1175 1073 1256; x_wconf 82' lang='lat' dir='ltr'><strong>peregrinorum</strong></span> <span class='ocrx_word' id='word_1_44' title='bbox 1094 1175 1186 1257; x_wconf 88' lang='lat' dir='ltr'><strong>epis-</strong></span> 
     </span>
     <span class='ocr_line' id='line_1_8' title="bbox 234 1271 1185 1357; baseline 0.003 -23"><span class='ocrx_word' id='word_1_45' title='bbox 234 1271 317 1335; x_wconf 90' lang='lat' dir='ltr'><strong>tolis</strong></span> <span class='ocrx_word' id='word_1_46' title='bbox 335 1279 371 1336; x_wconf 90' lang='lat' dir='ltr'><strong>et</strong></span> <span class='ocrx_word' id='word_1_47' title='bbox 384 1273 532 1336; x_wconf 90' lang='lat' dir='ltr'><strong>nummis</strong></span> <span class='ocrx_word' id='word_1_48' title='bbox 547 1271 744 1336; x_wconf 85' lang='lat' dir='ltr'><strong>infarciens.</strong></span> <span class='ocrx_word' id='word_1_49' title='bbox 789 1272 900 1357; x_wconf 82' lang='lat' dir='ltr'><strong>Cujus</strong></span> <span class='ocrx_word' id='word_1_50' title='bbox 919 1273 1027 1336; x_wconf 81' lang='lat' dir='ltr'><strong>futuri</strong></span> <span class='ocrx_word' id='word_1_51' title='bbox 1051 1273 1185 1337; x_wconf 91' lang='lat' dir='ltr'><strong>itineris</strong></span> 
     </span>
     <span class='ocr_line' id='line_1_9' title="bbox 231 1372 1183 1454; baseline 0.002 -20"><span class='ocrx_word' id='word_1_52' title='bbox 231 1372 395 1452; x_wconf 89' lang='lat' dir='ltr'><strong>opinione</strong></span> <span class='ocrx_word' id='word_1_53' title='bbox 410 1392 488 1435; x_wconf 90' lang='lat' dir='ltr'><strong>cum</strong></span> <span class='ocrx_word' id='word_1_54' title='bbox 508 1373 666 1436; x_wconf 84' lang='lat' dir='ltr'><strong>certatim</strong></span> <span class='ocrx_word' id='word_1_55' title='bbox 680 1392 725 1436; x_wconf 84' lang='lat' dir='ltr'><strong>ex</strong></span> <span class='ocrx_word' id='word_1_56' title='bbox 742 1379 819 1436; x_wconf 91' lang='lat' dir='ltr'><strong>toto</strong></span> <span class='ocrx_word' id='word_1_57' title='bbox 832 1392 941 1454; x_wconf 78' lang='lat' dir='ltr'><strong>regno</strong></span> <span class='ocrx_word' id='word_1_58' title='bbox 959 1372 1097 1436; x_wconf 90' lang='lat' dir='ltr'><strong>adeum</strong></span> <span class='ocrx_word' id='word_1_59' title='bbox 1119 1375 1183 1436; x_wconf 93' lang='lat' dir='ltr'><strong>mi·</strong></span> 
     </span>
     <span class='ocr_line' id='line_1_10' title="bbox 231 1469 1182 1555; baseline 0.003 -23"><span class='ocrx_word' id='word_1_60' title='bbox 231 1469 311 1533; x_wconf 89' lang='lat' dir='ltr'><strong>lites</strong></span> <span class='ocrx_word' id='word_1_61' title='bbox 337 1479 594 1548; x_wconf 88' lang='lat' dir='ltr'><strong>concurrerent,</strong></span> <span class='ocrx_word' id='word_1_62' title='bbox 624 1491 688 1535; x_wconf 85' lang='lat' dir='ltr'><strong>rex</strong></span> <span class='ocrx_word' id='word_1_63' title='bbox 715 1471 856 1553; x_wconf 74' lang='lat' dir='ltr'><strong>indigne</strong></span> <span class='ocrx_word' id='word_1_64' title='bbox 889 1471 1014 1549; x_wconf 88' lang='lat' dir='ltr'><strong>ferens,</strong></span> <span class='ocrx_word' id='word_1_65' title='bbox 1044 1491 1182 1555; x_wconf 88' lang='lat' dir='ltr'><strong>compe-</strong></span> 
     </span>
     <span class='ocr_line' id='line_1_11' title="bbox 230 1569 1181 1655; baseline 0.005 -24"><span class='ocrx_word' id='word_1_66' title='bbox 230 1569 332 1634; x_wconf 88' lang='lat' dir='ltr'><strong>dibus</strong></span> <span class='ocrx_word' id='word_1_67' title='bbox 354 1570 523 1650; x_wconf 83' lang='lat' dir='ltr'><strong>irretivit3</strong></span> <span class='ocrx_word' id='word_1_68' title='bbox 546 1570 713 1654; x_wconf 83' lang='lat' dir='ltr'><strong>praefatus</strong></span> <span class='ocrx_word' id='word_1_69' title='bbox 735 1590 805 1636; x_wconf 88' lang='lat' dir='ltr'><strong>non</strong></span> <span class='ocrx_word' id='word_1_70' title='bbox 828 1591 867 1635; x_wconf 91' lang='lat' dir='ltr'><strong>se</strong></span> <span class='ocrx_word' id='word_1_71' title='bbox 881 1572 1087 1635; x_wconf 87' lang='lat' dir='ltr'><strong>Baiocarum</strong></span> <span class='ocrx_word' id='word_1_72' title='bbox 1108 1574 1181 1655; x_wconf 90' lang='lat' dir='ltr'><strong>epi-</strong></span> 
     </span>
     <span class='ocr_line' id='line_1_12' title="bbox 227 1669 1180 1753; baseline 0.006 -22"><span class='ocrx_word' id='word_1_73' title='bbox 227 1688 388 1753; x_wconf 89' lang='lat' dir='ltr'><strong>scopum,</strong></span> <span class='ocrx_word' id='word_1_74' title='bbox 403 1670 463 1735; x_wconf 87' lang='lat' dir='ltr'><strong>sed</strong></span> <span class='ocrx_word' id='word_1_75' title='bbox 486 1671 645 1734; x_wconf 90' lang='lat' dir='ltr'><strong>comitem</strong></span> <span class='ocrx_word' id='word_1_76' title='bbox 660 1669 796 1734; x_wconf 85' lang='lat' dir='ltr'><strong>Cantiae</strong></span> <span class='ocrx_word' id='word_1_77' title='bbox 813 1671 990 1752; x_wconf 89' lang='lat' dir='ltr'><strong>prendere.</strong></span> <span class='ocrx_word' id='word_1_78' title='bbox 1026 1670 1180 1737; x_wconf 85' lang='lat' dir='ltr'><strong>Clientes</strong></span> 
     </span>
     <span class='ocr_line' id='line_1_13' title="bbox 229 1769 1179 1852; baseline 0.003 -20"><span class='ocrx_word' id='word_1_79' title='bbox 229 1769 319 1852; x_wconf 87' lang='lat' dir='ltr'><strong>ejus,</strong></span> <span class='ocrx_word' id='word_1_80' title='bbox 341 1771 444 1833; x_wconf 90' lang='lat' dir='ltr'><strong>minis</strong></span> <span class='ocrx_word' id='word_1_81' title='bbox 464 1771 617 1852; x_wconf 90' lang='lat' dir='ltr'><strong>impulsi,</strong></span> <span class='ocrx_word' id='word_1_82' title='bbox 646 1775 777 1834; x_wconf 85' lang='lat' dir='ltr'><strong>tantam</strong></span> <span class='ocrx_word' id='word_1_83' title='bbox 806 1771 882 1833; x_wconf 88' lang='lat' dir='ltr'><strong>auri</strong></span> <span class='ocrx_word' id='word_1_84' title='bbox 905 1771 1040 1852; x_wconf 85' lang='lat' dir='ltr'><strong>copiam</strong></span> <span class='ocrx_word' id='word_1_85' title='bbox 1063 1771 1179 1852; x_wconf 92' lang='lat' dir='ltr'><strong>prodi·</strong></span> 
     </span>
     <span class='ocr_line' id='line_1_14' title="bbox 227 1869 1180 1952; baseline 0.006 -22"><span class='ocrx_word' id='word_1_86' title='bbox 227 1869 322 1947; x_wconf 90' lang='lat' dir='ltr'><strong>dere,</strong></span> <span class='ocrx_word' id='word_1_87' title='bbox 354 1876 394 1933; x_wconf 91' lang='lat' dir='ltr'><strong>ut</strong></span> <span class='ocrx_word' id='word_1_88' title='bbox 422 1870 532 1933; x_wconf 88' lang='lat' dir='ltr'><strong>nostri</strong></span> <span class='ocrx_word' id='word_1_89' title='bbox 560 1869 668 1932; x_wconf 89' lang='lat' dir='ltr'><strong>seculi</strong></span> <span class='ocrx_word' id='word_1_90' title='bbox 707 1869 971 1934; x_wconf 77' lang='lat' dir='ltr'><strong>aestimationem</strong></span> <span class='ocrx_word' id='word_1_91' title='bbox 1000 1879 1180 1952; x_wconf 88' lang='lat' dir='ltr'><strong>superaret</strong></span> 
     </span>
     <span class='ocr_line' id='line_1_15' title="bbox 226 1967 1178 2052; baseline 0.005 -22"><span class='ocrx_word' id='word_1_92' title='bbox 226 1967 315 2032; x_wconf 86' lang='lat' dir='ltr'><strong>fulvi</strong></span> <span class='ocrx_word' id='word_1_93' title='bbox 339 1970 517 2051; x_wconf 82' lang='lat' dir='ltr'><strong>congeries</strong></span> <span class='ocrx_word' id='word_1_94' title='bbox 540 1968 692 2048; x_wconf 83' lang='lat' dir='ltr'><strong>metalli3</strong></span> <span class='ocrx_word' id='word_1_95' title='bbox 715 1968 862 2050; x_wconf 89' lang='lat' dir='ltr'><strong>denique</strong></span> <span class='ocrx_word' id='word_1_96' title='bbox 883 1975 920 2034; x_wconf 92' lang='lat' dir='ltr'><strong>et</strong></span> <span class='ocrx_word' id='word_1_97' title='bbox 938 1970 1039 2033; x_wconf 89' lang='lat' dir='ltr'><strong>cullei</strong></span> <span class='ocrx_word' id='word_1_98' title='bbox 1060 1971 1178 2052; x_wconf 88' lang='lat' dir='ltr'><strong>plures</strong></span> 
     </span>
     <span class='ocr_line' id='line_1_16' title="bbox 226 2067 1177 2150; baseline 0.005 -20"><span class='ocrx_word' id='word_1_99' title='bbox 226 2087 246 2130; x_wconf 86' lang='lat' dir='ltr'><strong>e</strong></span> <span class='ocrx_word' id='word_1_100' title='bbox 274 2067 391 2132; x_wconf 86' lang='lat' dir='ltr'><strong>fluviis</strong></span> <span class='ocrx_word' id='word_1_101' title='bbox 415 2069 576 2145; x_wconf 85' lang='lat' dir='ltr'><strong>extracti,</strong></span> <span class='ocrx_word' id='word_1_102' title='bbox 602 2087 689 2150; x_wconf 85' lang='lat' dir='ltr'><strong>quos</strong></span> <span class='ocrx_word' id='word_1_103' title='bbox 712 2088 775 2150; x_wconf 91' lang='lat' dir='ltr'><strong>per</strong></span> <span class='ocrx_word' id='word_1_104' title='bbox 798 2076 893 2132; x_wconf 87' lang='lat' dir='ltr'><strong>certa</strong></span> <span class='ocrx_word' id='word_1_105' title='bbox 915 2069 1004 2146; x_wconf 90' lang='lat' dir='ltr'><strong>loca,</strong></span> <span class='ocrx_word' id='word_1_106' title='bbox 1030 2070 1177 2135; x_wconf 87' lang='lat' dir='ltr'><strong>sublatis</strong></span> 
     </span>
     <span class='ocr_line' id='line_1_17' title="bbox 225 2167 1177 2250; baseline 0.004 -20"><span class='ocrx_word' id='word_1_107' title='bbox 225 2168 387 2244; x_wconf 89' lang='lat' dir='ltr'><strong>consciis,</strong></span> <span class='ocrx_word' id='word_1_108' title='bbox 420 2167 604 2244; x_wconf 86' lang='lat' dir='ltr'><strong>infoderat,</strong></span> <span class='ocrx_word' id='word_1_109' title='bbox 635 2167 756 2250; x_wconf 87' lang='lat' dir='ltr'><strong>plenos</strong></span> <span class='ocrx_word' id='word_1_110' title='bbox 792 2187 877 2231; x_wconf 91' lang='lat' dir='ltr'><strong>auro</strong></span> <span class='ocrx_word' id='word_1_111' title='bbox 906 2169 1037 2232; x_wconf 89' lang='lat' dir='ltr'><strong>molito.</strong></span> <span class='ocrx_word' id='word_1_112' title='bbox 1089 2168 1177 2234; x_wconf 89' lang='lat' dir='ltr'><strong>Post</strong></span> 
     </span>
     <span class='ocr_line' id='line_1_18' title="bbox 225 2263 1176 2352; baseline 0.005 -24"><span class='ocrx_word' id='word_1_113' title='bbox 225 2274 372 2331; x_wconf 87' lang='lat' dir='ltr'><strong>mortem</strong></span> <span class='ocrx_word' id='word_1_114' title='bbox 386 2265 504 2330; x_wconf 82' lang='lat' dir='ltr'><strong>fratris</strong></span> <span class='ocrx_word' id='word_1_115' title='bbox 518 2266 709 2342; x_wconf 88' lang='lat' dir='ltr'><strong>absolutus,</strong></span> <span class='ocrx_word' id='word_1_116' title='bbox 724 2269 909 2352; x_wconf 84' lang='lat' dir='ltr'><strong>nepotique</strong></span> <span class='ocrx_word' id='word_1_117' title='bbox 923 2263 1100 2332; x_wconf 89' lang='lat' dir='ltr'><strong>Willelmo</strong></span> <span class='ocrx_word' id='word_1_118' title='bbox 1114 2269 1176 2332; x_wconf 89' lang='lat' dir='ltr'><strong>ad-</strong></span> 
     </span>
     <span class='ocr_line' id='line_1_19' title="bbox 223 2365 1176 2448; baseline 0.002 -19"><span class='ocrx_word' id='word_1_119' title='bbox 223 2374 398 2443; x_wconf 67' lang='lat' dir='ltr'><strong>versatus</strong></span> <span class='ocrx_word' id='word_1_120' title='bbox 420 2373 555 2448; x_wconf 89' lang='lat' dir='ltr'><strong>partem</strong></span> <span class='ocrx_word' id='word_1_121' title='bbox 568 2365 714 2430; x_wconf 89' lang='lat' dir='ltr'><strong>Roberti</strong></span> <span class='ocrx_word' id='word_1_122' title='bbox 734 2366 897 2445; x_wconf 82' lang='lat' dir='ltr'><strong>fovebat3</strong></span> <span class='ocrx_word' id='word_1_123' title='bbox 919 2367 980 2430; x_wconf 91' lang='lat' dir='ltr'><strong>sed</strong></span> <span class='ocrx_word' id='word_1_124' title='bbox 993 2373 1076 2431; x_wconf 90' lang='lat' dir='ltr'><strong>tunc</strong></span> <span class='ocrx_word' id='word_1_125' title='bbox 1089 2387 1176 2448; x_wconf 88' lang='lat' dir='ltr'><strong>quo·</strong></span> 
     </span>
     <span class='ocr_line' id='line_1_20' title="bbox 223 2464 1173 2549; baseline 0.001 -20"><span class='ocrx_word' id='word_1_126' title='bbox 223 2485 292 2548; x_wconf 89' lang='lat' dir='ltr'><strong>que</strong></span> <span class='ocrx_word' id='word_1_127' title='bbox 308 2466 400 2530; x_wconf 86' lang='lat' dir='ltr'><strong>male</strong></span> <span class='ocrx_word' id='word_1_128' title='bbox 423 2465 565 2533; x_wconf 87' lang='lat' dir='ltr'><strong>cedente</strong></span> <span class='ocrx_word' id='word_1_129' title='bbox 583 2465 736 2543; x_wconf 88' lang='lat' dir='ltr'><strong>fortuna,</strong></span> <span class='ocrx_word' id='word_1_130' title='bbox 758 2465 906 2531; x_wconf 84' lang='lat' dir='ltr'><strong>extorris</strong></span> <span class='ocrx_word' id='word_1_131' title='bbox 921 2464 1063 2549; x_wconf 86' lang='lat' dir='ltr'><strong>Anglia,</strong></span> <span class='ocrx_word' id='word_1_132' title='bbox 1080 2466 1173 2533; x_wconf 92' lang='lat' dir='ltr'><strong>Nor·</strong></span> 
     </span>
     <span class='ocr_line' id='line_1_21' title="bbox 222 2566 1174 2649; baseline 0.003 -20"><span class='ocrx_word' id='word_1_133' title='bbox 222 2566 386 2630; x_wconf 89' lang='lat' dir='ltr'><strong>mannico</strong></span> <span class='ocrx_word' id='word_1_134' title='bbox 403 2566 521 2649; x_wconf 87' lang='lat' dir='ltr'><strong>nepoti</strong></span> <span class='ocrx_word' id='word_1_135' title='bbox 532 2573 567 2629; x_wconf 91' lang='lat' dir='ltr'><strong>et</strong></span> <span class='ocrx_word' id='word_1_136' title='bbox 581 2566 796 2649; x_wconf 88' lang='lat' dir='ltr'><strong>episcopatui</strong></span> <span class='ocrx_word' id='word_1_137' title='bbox 809 2566 1001 2631; x_wconf 86' lang='lat' dir='ltr'><strong>insistebat.</strong></span> <span class='ocrx_word' id='word_1_138' title='bbox 1038 2568 1174 2632; x_wconf 90' lang='lat' dir='ltr'><strong>Deinde</strong></span> 
     </span>
     <span class='ocr_line' id='line_1_22' title="bbox 221 2664 1175 2748; baseline 0.003 -20"><span class='ocrx_word' id='word_1_139' title='bbox 221 2685 302 2729; x_wconf 90' lang='lat' dir='ltr'><strong>oum</strong></span> <span class='ocrx_word' id='word_1_140' title='bbox 317 2665 438 2729; x_wconf 90' lang='lat' dir='ltr'><strong>eodem</strong></span> <span class='ocrx_word' id='word_1_141' title='bbox 455 2664 776 2747; x_wconf 85' lang='lat' dir='ltr'><strong>ierosolymitanam</strong></span> <span class='ocrx_word' id='word_1_142' title='bbox 788 2667 882 2729; x_wconf 84' lang='lat' dir='ltr'><strong>viam</strong></span> <span class='ocrx_word' id='word_1_143' title='bbox 894 2668 1084 2748; x_wconf 78' lang='lat' dir='ltr'><strong>ingressus,</strong></span> <span class='ocrx_word' id='word_1_144' title='bbox 1100 2666 1175 2731; x_wconf 84' lang='lat' dir='ltr'><strong>An-</strong></span> 
     </span>
     <span class='ocr_line' id='line_1_23' title="bbox 221 2763 1172 2841; baseline 0.004 -14"><span class='ocrx_word' id='word_1_145' title='bbox 221 2764 373 2841; x_wconf 84' lang='lat' dir='ltr'><strong>tiochiae,</strong></span> <span class='ocrx_word' id='word_1_146' title='bbox 389 2766 425 2827; x_wconf 91' lang='lat' dir='ltr'><strong>in</strong></span> <span class='ocrx_word' id='word_1_147' title='bbox 440 2764 618 2828; x_wconf 91' lang='lat' dir='ltr'><strong>obsidione</strong></span> <span class='ocrx_word' id='word_1_148' title='bbox 631 2763 918 2841; x_wconf 87' lang='lat' dir='ltr'><strong>Christianorum,</strong></span> <span class='ocrx_word' id='word_1_149' title='bbox 927 2766 1029 2830; x_wconf 87' lang='lat' dir='ltr'><strong>finem</strong></span> <span class='ocrx_word' id='word_1_150' title='bbox 1040 2767 1172 2833; x_wconf 88' lang='lat' dir='ltr'><strong>habuit.</strong></span> 
     </span>
     <span class='ocr_line' id='line_1_24' title="bbox 274 2863 1320 2948; baseline 0.006 -22"><span class='ocrx_word' id='word_1_151' title='bbox 274 2865 292 2948; x_wconf 63' lang='grc' dir='ltr'><strong>ξ</strong></span> <span class='ocrx_word' id='word_1_152' title='bbox 306 2863 383 2927; x_wconf 83' lang='grc'>278.</span> <span class='ocrx_word' id='word_1_153' title='bbox 403 2864 610 2927; x_wconf 84' lang='lat' dir='ltr'><strong>Exterarum</strong></span> <span class='ocrx_word' id='word_1_154' title='bbox 626 2865 805 2928; x_wconf 85' lang='lat' dir='ltr'><strong>nationum</strong></span> <span class='ocrx_word' id='word_1_155' title='bbox 821 2866 976 2929; x_wconf 89' lang='lat' dir='ltr'><strong>homines</strong></span> <span class='ocrx_word' id='word_1_156' title='bbox 989 2866 1173 2947; x_wconf 82' lang='lat' dir='ltr'><strong>dignanter</strong></span> <span class='ocrx_word' id='word_1_157' title='bbox 1185 2890 1320 2933; x_wconf 71' lang='lat' dir='ltr'><strong>iri-munu-</strong></span> 
     </span>
     <span class='ocr_line' id='line_1_25' title="bbox 220 2948 1336 3039; baseline 0.007 -12"><span class='ocrx_word' id='word_1_158' title='bbox 220 2963 266 3027; x_wconf 91' lang='lat' dir='ltr'><strong>ad</strong></span> <span class='ocrx_word' id='word_1_159' title='bbox 282 2964 471 3027; x_wconf 88' lang='lat' dir='ltr'><strong>amicitiam</strong></span> <span class='ocrx_word' id='word_1_160' title='bbox 492 2964 642 3039; x_wconf 90' lang='lat' dir='ltr'><strong>admisit,</strong></span> <span class='ocrx_word' id='word_1_161' title='bbox 654 2964 887 3029; x_wconf 85' lang='lat' dir='ltr'><strong>indifferenter</strong></span> <span class='ocrx_word' id='word_1_162' title='bbox 900 2965 1087 3030; x_wconf 92' lang='lat' dir='ltr'><strong>bonoribus</strong></span> <span class='ocrx_word' id='word_1_163' title='bbox 1108 2986 1171 3029; x_wconf 84' lang='lat' dir='ltr'><strong>ex·</strong></span> <span class='ocrx_word' id='word_1_164' title='bbox 1184 2948 1336 3034; x_wconf 51' lang='lat' dir='ltr'><strong>ffliiff‘*</strong></span> 
     </span>
     <span class='ocr_line' id='line_1_26' title="bbox 219 3062 1172 3145; baseline 0.004 -18"><span class='ocrx_word' id='word_1_165' title='bbox 219 3064 323 3127; x_wconf 90' lang='lat' dir='ltr'><strong>tulit:</strong></span> <span class='ocrx_word' id='word_1_166' title='bbox 361 3062 589 3145; x_wconf 86' lang='lat' dir='ltr'><strong>eleemosynae</strong></span> <span class='ocrx_word' id='word_1_167' title='bbox 612 3082 729 3126; x_wconf 87' lang='lat' dir='ltr'><strong>curam</strong></span> <span class='ocrx_word' id='word_1_168' title='bbox 756 3064 899 3128; x_wconf 90' lang='lat' dir='ltr'><strong>babuit:</strong></span> <span class='ocrx_word' id='word_1_169' title='bbox 932 3067 1172 3131; x_wconf 88' lang='lat' dir='ltr'><strong>transmarinis</strong></span> 
     </span>
     <span class='ocr_line' id='line_1_27' title="bbox 218 3162 1170 3247; baseline 0.004 -22"><span class='ocrx_word' id='word_1_170' title='bbox 218 3163 375 3227; x_wconf 85' lang='lat' dir='ltr'><strong>ecelesiis</strong></span> <span class='ocrx_word' id='word_1_171' title='bbox 390 3162 519 3225; x_wconf 92' lang='lat' dir='ltr'><strong>multas</strong></span> <span class='ocrx_word' id='word_1_172' title='bbox 544 3163 778 3243; x_wconf 84' lang='lat' dir='ltr'><strong>possessiones</strong></span> <span class='ocrx_word' id='word_1_173' title='bbox 802 3164 838 3227; x_wconf 92' lang='lat' dir='ltr'><strong>in</strong></span> <span class='ocrx_word' id='word_1_174' title='bbox 851 3162 981 3245; x_wconf 83' lang='lat' dir='ltr'><strong>Anglia</strong></span> <span class='ocrx_word' id='word_1_175' title='bbox 1001 3166 1170 3247; x_wconf 80' lang='lat' dir='ltr'><strong>largitus3</strong></span> 
     </span>
     <span class='ocr_line' id='line_1_28' title="bbox 217 3261 1286 3345; baseline 0.004 -21"><span class='ocrx_word' id='word_1_176' title='bbox 217 3281 284 3326; x_wconf 93' lang='lat' dir='ltr'><strong>nec</strong></span> <span class='ocrx_word' id='word_1_177' title='bbox 310 3262 420 3325; x_wconf 87' lang='lat' dir='ltr'><strong>ullum</strong></span> <span class='ocrx_word' id='word_1_178' title='bbox 441 3261 512 3325; x_wconf 82' lang='lat' dir='ltr'><strong>sere</strong></span> <span class='ocrx_word' id='word_1_179' title='bbox 534 3262 792 3338; x_wconf 87' lang='lat' dir='ltr'><strong>monasterium,</strong></span> <span class='ocrx_word' id='word_1_180' title='bbox 813 3264 1005 3345; x_wconf 85' lang='lat' dir='ltr'><strong>praesertim</strong></span> <span class='ocrx_word' id='word_1_181' title='bbox 1024 3265 1061 3327; x_wconf 88' lang='lat' dir='ltr'><strong>in</strong></span> <span class='ocrx_word' id='word_1_182' title='bbox 1077 3265 1171 3328; x_wconf 92' lang='lat' dir='ltr'><strong>Nor·</strong></span> <span class='ocrx_word' id='word_1_183' title='bbox 1284 3332 1286 3338; x_wconf 66' lang='grc'><em>,</em></span> 
     </span>
     <span class='ocr_line' id='line_1_29' title="bbox 218 3355 1171 3447; baseline 0.005 -24"><span class='ocrx_word' id='word_1_184' title='bbox 218 3362 373 3439; x_wconf 91' lang='lat' dir='ltr'><strong>mannia,</strong></span> <span class='ocrx_word' id='word_1_185' title='bbox 401 3361 458 3425; x_wconf 89' lang='lat' dir='ltr'><strong>vel</strong></span> <span class='ocrx_word' id='word_1_186' title='bbox 487 3360 563 3443; x_wconf 90' lang='lat' dir='ltr'><strong>ejus</strong></span> <span class='ocrx_word' id='word_1_187' title='bbox 591 3360 647 3425; x_wconf 80' lang='lat' dir='ltr'><strong>vel</strong></span> <span class='ocrx_word' id='word_1_188' title='bbox 681 3355 805 3425; x_wconf 86' lang='lat' dir='ltr'><strong>ducum</strong></span> <span class='ocrx_word' id='word_1_189' title='bbox 839 3362 1073 3427; x_wconf 89' lang='lat' dir='ltr'><strong>munificentia</strong></span> <span class='ocrx_word' id='word_1_190' title='bbox 1093 3384 1171 3447; x_wconf 87' lang='lat' dir='ltr'><strong>per-</strong></span> 
     </span>
     <span class='ocr_line' id='line_1_30' title="bbox 218 3458 1168 3542; baseline 0.004 -18"><span class='ocrx_word' id='word_1_191' title='bbox 218 3461 374 3537; x_wconf 89' lang='lat' dir='ltr'><strong>transiit,</strong></span> <span class='ocrx_word' id='word_1_192' title='bbox 390 3468 430 3523; x_wconf 87' lang='lat' dir='ltr'><strong>ut</strong></span> <span class='ocrx_word' id='word_1_193' title='bbox 443 3458 584 3541; x_wconf 84' lang='lat' dir='ltr'><strong>Angliae</strong></span> <span class='ocrx_word' id='word_1_194' title='bbox 601 3460 701 3542; x_wconf 87' lang='lat' dir='ltr'><strong>copia</strong></span> <span class='ocrx_word' id='word_1_195' title='bbox 715 3462 865 3525; x_wconf 87' lang='lat' dir='ltr'><strong>tennitas</strong></span> <span class='ocrx_word' id='word_1_196' title='bbox 878 3462 1015 3525; x_wconf 89' lang='lat' dir='ltr'><strong>illorum</strong></span> <span class='ocrx_word' id='word_1_197' title='bbox 1031 3471 1168 3528; x_wconf 90' lang='lat' dir='ltr'><strong>susten·</strong></span> 
     </span>
     <span class='ocr_line' id='line_1_31' title="bbox 217 3559 1169 3644; baseline 0.004 -21"><span class='ocrx_word' id='word_1_198' title='bbox 217 3566 366 3623; x_wconf 78' lang='lat' dir='ltr'><strong>teretur.</strong></span> <span class='ocrx_word' id='word_1_199' title='bbox 420 3559 479 3623; x_wconf 82' lang='lat' dir='ltr'><strong>ita</strong></span> <span class='ocrx_word' id='word_1_200' title='bbox 501 3560 577 3642; x_wconf 91' lang='lat' dir='ltr'><strong>ejus</strong></span> <span class='ocrx_word' id='word_1_201' title='bbox 602 3565 756 3641; x_wconf 87' lang='lat' dir='ltr'><strong>tempore</strong></span> <span class='ocrx_word' id='word_1_202' title='bbox 772 3560 864 3624; x_wconf 91' lang='lat' dir='ltr'><strong>ultro</strong></span> <span class='ocrx_word' id='word_1_203' title='bbox 880 3562 1033 3644; x_wconf 92' lang='lat' dir='ltr'><strong>citroque</strong></span> <span class='ocrx_word' id='word_1_204' title='bbox 1050 3582 1169 3628; x_wconf 89' lang='lat' dir='ltr'><strong>coeno-</strong></span> 
     </span>
     <span class='ocr_line' id='line_1_32' title="bbox 215 3658 1169 3743; baseline 0.002 -20"><span class='ocrx_word' id='word_1_205' title='bbox 215 3660 321 3723; x_wconf 87' lang='lat' dir='ltr'><strong>bialis</strong></span> <span class='ocrx_word' id='word_1_206' title='bbox 339 3678 427 3740; x_wconf 84' lang='lat' dir='ltr'><strong>grex</strong></span> <span class='ocrx_word' id='word_1_207' title='bbox 445 3658 832 3734; x_wconf 78' lang='lat' dir='ltr'><strong>excreuit,monasteria</strong></span> <span class='ocrx_word' id='word_1_208' title='bbox 847 3662 1036 3741; x_wconf 83' lang='lat' dir='ltr'><strong>surgebant</strong></span> <span class='ocrx_word' id='word_1_209' title='bbox 1052 3662 1169 3743; x_wconf 83' lang='lat' dir='ltr'><strong>religi·</strong></span> 
     </span>
     <span class='ocr_line' id='line_1_33' title="bbox 217 3756 1169 3835; baseline 0 -12"><span class='ocrx_word' id='word_1_210' title='bbox 217 3778 286 3823; x_wconf 91' lang='lat' dir='ltr'><strong>one</strong></span> <span class='ocrx_word' id='word_1_211' title='bbox 303 3766 437 3835; x_wconf 88' lang='lat' dir='ltr'><strong>vetera,</strong></span> <span class='ocrx_word' id='word_1_212' title='bbox 456 3756 610 3821; x_wconf 84' lang='lat' dir='ltr'><strong>aedificiis</strong></span> <span class='ocrx_word' id='word_1_213' title='bbox 633 3759 797 3821; x_wconf 88' lang='lat' dir='ltr'><strong>recentia.</strong></span> <span class='ocrx_word' id='word_1_214' title='bbox 849 3759 916 3822; x_wconf 89' lang='lat' dir='ltr'><strong>Sed</strong></span> <span class='ocrx_word' id='word_1_215' title='bbox 938 3759 994 3822; x_wconf 91' lang='lat' dir='ltr'><strong>bic</strong></span> <span class='ocrx_word' id='word_1_216' title='bbox 1014 3760 1169 3823; x_wconf 89' lang='lat' dir='ltr'><strong>animad-</strong></span> 
     </span>
     <span class='ocr_line' id='line_1_34' title="bbox 215 3856 1169 3934; baseline 0.003 -12"><span class='ocrx_word' id='word_1_217' title='bbox 215 3866 317 3922; x_wconf 86' lang='lat' dir='ltr'><strong>verto</strong></span> <span class='ocrx_word' id='word_1_218' title='bbox 342 3858 620 3921; x_wconf 85' lang='lat' dir='ltr'><strong>mussitationem</strong></span> <span class='ocrx_word' id='word_1_219' title='bbox 637 3856 836 3934; x_wconf 87' lang='lat' dir='ltr'><strong>dicentium,</strong></span> <span class='ocrx_word' id='word_1_220' title='bbox 857 3858 984 3921; x_wconf 91' lang='lat' dir='ltr'><strong>Melius</strong></span> <span class='ocrx_word' id='word_1_221' title='bbox 1008 3858 1115 3923; x_wconf 81' lang='lat' dir='ltr'><strong>fuisse</strong></span> <span class='ocrx_word' id='word_1_222' title='bbox 1129 3870 1169 3926; x_wconf 90' lang='lat' dir='ltr'><strong>ut</strong></span> 
     </span>
     <span class='ocr_line' id='line_1_35' title="bbox 216 3958 1168 4040; baseline 0.001 -19"><span class='ocrx_word' id='word_1_223' title='bbox 216 3958 365 4039; x_wconf 90' lang='lat' dir='ltr'><strong>antiqua</strong></span> <span class='ocrx_word' id='word_1_224' title='bbox 388 3958 424 4020; x_wconf 94' lang='lat' dir='ltr'><strong>in</strong></span> <span class='ocrx_word' id='word_1_225' title='bbox 452 3976 516 4019; x_wconf 90' lang='lat' dir='ltr'><strong>suo</strong></span> <span class='ocrx_word' id='word_1_226' title='bbox 541 3962 636 4020; x_wconf 87' lang='lat' dir='ltr'><strong>statu</strong></span> <span class='ocrx_word' id='word_1_227' title='bbox 655 3965 952 4035; x_wconf 87' lang='lat' dir='ltr'><strong>conservarentur,</strong></span> <span class='ocrx_word' id='word_1_228' title='bbox 967 3977 1083 4040; x_wconf 91' lang='lat' dir='ltr'><strong>quam,</strong></span> <span class='ocrx_word' id='word_1_229' title='bbox 1098 3960 1168 4023; x_wconf 91' lang='lat' dir='ltr'><strong>illis</strong></span> 
     </span>
     <span class='ocr_line' id='line_1_36' title="bbox 215 4055 1104 4140; baseline 0.001 -21"><span class='ocrx_word' id='word_1_230' title='bbox 215 4056 489 4133; x_wconf 89' lang='lat' dir='ltr'><strong>semimutilatis,</strong></span> <span class='ocrx_word' id='word_1_231' title='bbox 505 4056 548 4119; x_wconf 91' lang='lat' dir='ltr'><strong>de</strong></span> <span class='ocrx_word' id='word_1_232' title='bbox 563 4055 687 4137; x_wconf 86' lang='lat' dir='ltr'><strong>rapina</strong></span> <span class='ocrx_word' id='word_1_233' title='bbox 704 4074 797 4120; x_wconf 87' lang='lat' dir='ltr'><strong>nova</strong></span> <span class='ocrx_word' id='word_1_234' title='bbox 811 4064 1104 4140; x_wconf 87' lang='lat' dir='ltr'><strong>construerentur.</strong></span> 
     </span>
    </p>
   </div>
   <div class='ocr_carea' id='block_1_3' title="bbox 384 4290 1012 4363">
    <p class='ocr_par' dir='ltr' id='par_1_3' title="bbox 384 4290 1012 4363">
     <span class='ocr_line' id='line_1_37' title="bbox 384 4290 1012 4363; baseline 0.008 -19"><span class='ocrx_word' id='word_1_235' title='bbox 384 4296 392 4326; x_wconf 90' lang='lat'><strong>¹</strong></span> <span class='ocrx_word' id='word_1_236' title='bbox 404 4290 539 4363; x_wconf 59' lang='lat' dir='ltr'><strong>Astatia]</strong></span> <span class='ocrx_word' id='word_1_237' title='bbox 560 4296 589 4343; x_wconf 85' lang='lat' dir='ltr'><strong>C.</strong></span> <span class='ocrx_word' id='word_1_238' title='bbox 603 4295 637 4343; x_wconf 87' lang='lat' dir='ltr'><strong>D.</strong></span> <span class='ocrx_word' id='word_1_239' title='bbox 651 4295 697 4353; x_wconf 86' lang='lat' dir='ltr'><strong>E.;</strong></span> <span class='ocrx_word' id='word_1_240' title='bbox 715 4294 883 4358; x_wconf 78' lang='lat' dir='ltr'><strong>abstinentiae,</strong></span> <span class='ocrx_word' id='word_1_241' title='bbox 895 4295 928 4345; x_wconf 80' lang='grc' dir='ltr'><strong>Δ.</strong></span> <span class='ocrx_word' id='word_1_242' title='bbox 940 4298 969 4347; x_wconf 81' lang='lat' dir='ltr'><strong>S.</strong></span> <span class='ocrx_word' id='word_1_243' title='bbox 981 4300 1012 4349; x_wconf 80' lang='lat' dir='ltr'><strong>L.</strong></span> 
     </span>
    </p>
   </div>
   <div class='ocr_carea' id='block_1_4' title="bbox 0 0 1576 5025">
    <p class='ocr_par' dir='ltr' id='par_1_4' title="bbox 0 0 1576 5025">
     <span class='ocr_line' id='line_1_38' title="bbox 0 0 1576 5025; baseline 0 8"><span class='ocrx_word' id='word_1_244' title='bbox 0 0 1576 5025; x_wconf 95' lang='lat' dir='ltr'><strong> </strong></span> 
     </span>
    </p>
   </div>
  </div>
 </body>
</html>
