3142 5025
403 509 470 574 454
620 523 734 573 onera
759 522 886 571 nnouu
911 521 1127 572 auouonuu.
1171 507 1283 589 [mn.
1300 523 1355 570 ιιι.

406 682 559 747 nasterio
573 689 704 747 sanctae
721 679 918 746 Trinitatis.
963 670 1130 765 Ejusdem
1144 681 1287 764 pietatis
1303 683 1357 745 in·

407 785 536 848 dicium
562 783 599 845 in
614 777 793 864 ¹Edgithae
814 783 943 863 reginae
964 780 1085 844 funere
1109 781 1263 846 curando
1288 801 1359 845 non

411 885 524 946 minus
549 883 626 961 fuit,
646 901 739 965 quse,
762 882 855 964 apud
870 880 1221 945 westmonasterium
1242 881 1359 946 studio

412 983 488 1067 ejus
510 1001 618 1065 prope
642 982 826 1064 conjugem
853 981 982 1058 locata,
1003 981 1109 1044 habet
1127 982 1284 1044 tumbam
1305 1001 1359 1044 ar-

413 1083 510 1164 genti
524 1083 669 1164 aurique
685 1079 849 1164 expensis
864 1099 1056 1164 operosam.

276 1201 293 1240 ··
327 1210 360 1238 nu.
465 1181 482 1265 ᾗ
510 1181 587 1245 274.
620 1182 729 1245 Filios
760 1180 895 1258 habuit,
923 1178 1128 1256 Robertum,
1159 1178 1361 1257 Ricardum,

412 1280 638 1358 Willelmum,
672 1279 878 1344 Henricum.
930 1278 1147 1344 Posteriores
1175 1279 1246 1343 duo
1281 1286 1362 1362 post

413 1400 492 1444 eum
515 1380 733 1445 successione
755 1381 920 1444 continua
933 1373 989 1442 2in
1002 1377 1134 1460 Anglia
1158 1398 1361 1461 regnavere.

415 1481 602 1557 liebertus,
620 1487 721 1563 patre
733 1480 847 1543 adhuc
860 1480 1012 1556 vivente,
1029 1479 1282 1542 Normanniam
1295 1479 1363 1543 sibi

415 1575 535 1662 negari
560 1598 655 1660 aegre
671 1578 799 1655 ferens,
823 1579 859 1641 in
884 1577 1026 1642 ltaliam
1046 1579 1244 1643 obstinatus
1263 1580 1363 1656 abiit,

415 1686 467 1756 ut,
484 1678 558 1742 filia
573 1677 745 1743 Bonisacii
767 1677 976 1742 marchionis
997 1685 1149 1762 sumpta,
1169 1679 1262 1762 patri
1282 1698 1364 1760 par·

416 1779 510 1842 tibus
533 1778 602 1841 illis
628 1776 770 1860 adjutus
792 1776 1053 1842 adversaretur:
1086 1778 1159 1855 sed,
1185 1779 1364 1861 petitionis

416 1877 561 1960 hujusce
595 1895 727 1954 cassus,
763 1876 964 1960 Philippum
1001 1878 1214 1942 Francorum
1246 1897 1363 1959 regem

417 1983 539 2041 contra
563 1983 697 2058 patrem
721 1977 910 2055 excitavit3
932 1995 1041 2059 quare
1065 1984 1101 2041 et
1122 1977 1290 2059 genitoris
1306 1978 1365 2041 be-

417 2075 612 2141 nedictione
636 2083 672 2140 et
692 2075 896 2141 haereditate
916 2075 1116 2154 frustratus,
1132 2075 1265 2159 Anglia
1285 2083 1366 2159 post

418 2183 565 2240 mortem
593 2175 669 2259 ejus
695 2177 820 2254 caruit,
852 2176 1021 2240 comitatu
1051 2176 1277 2240 Normanniee
1301 2177 1364 2240 vix

419 2282 567 2339 retento.
620 2275 674 2338 Ea
697 2295 836 2359 quoque
866 2283 948 2359 post
974 2295 1100 2339 novem
1132 2295 1242 2340 annos
1267 2275 1368 2340 fratri

309 2432 314 2442 .
377 2429 383 2441 .
420 2373 598 2440 Willelmo
615 2368 691 2458 ³pro
706 2377 853 2458 pecunia
867 2375 1045 2452 invadata,
1054 2374 1247 2440 Asiaticam
1260 2395 1368 2458 expe-

421 2475 588 2540 ditionem
608 2492 686 2539 cum
708 2477 844 2539 caeten's
862 2473 1069 2540 Christianis
1087 2493 1274 2557 aggressus
1293 2481 1369 2556 est3

423 2575 516 2651 inde,
545 2576 732 2639 transactis
762 2583 914 2657 quatuor
943 2575 1056 2653 annis,
1085 2576 1201 2639 clarus
1236 2576 1370 2639 militiae

314 2730 319 2741 .
381 2727 386 2740 .
425 2675 533 2757 gestis
548 2666 996 2755 regressus,⁴Normanniee
1010 2676 1085 2739 sine
1095 2674 1298 2739 difficultate
1308 2677 1370 2738 im·

424 2774 556 2851 mersit,
573 2774 678 2856 quod,
693 2793 859 2855 germano
873 2774 1050 2839 Willelmo
1071 2794 1184 2858 nuper
1199 2774 1372 2852 defuncto,

427 2872 603 2937 Henricus
632 2892 708 2951 rex,
735 2876 893 2939 novitate
919 2881 1029 2952 tener,
1054 2873 1217 2957 Angliam
1246 2875 1284 2937 in
1306 2875 1374 2939 fide

426 2981 544 3038 tenere
557 2974 643 3036 satis
660 2972 800 3037 habuit:
823 2974 884 3037 sed
906 2974 1049 3055 quiade
1070 2974 1135 3039 hoc
1152 2974 1240 3039 alias
1257 2974 1374 3038 dicen-

427 3073 522 3149 dum,
539 3092 630 3136 nunc
646 3078 798 3155 coeptam
812 3073 856 3137 de
872 3073 952 3138 filiis
965 3073 1133 3138 Willelmi
1154 3075 1272 3224 magni
1297 3094 1375 3138 nar-

427 3172 598 3237 rationem
612 3172 816 3236 terminabo.

480 3271 498 3355 §
513 3270 588 3335 275.
612 3270 786 3336 Ricardus
803 3272 1025 3353 magnanimo
1039 3274 1175 3355 parenti
1188 3292 1287 3357 spem
1302 3274 1378 3337 lau-

466 3540 606 3605 ¹Edgithoe
615 3543 730 3608 regiam]
741 3544 796 3593 'lhe
810 3560 893 3607 queen
951 3545 964 3579 ³
981 3549 1035 3597 Pro
1053 3550 1156 3613 pacata
1169 3545 1308 3619 hadda]
1327 3552 1377 3600 Ro-
1397 3550 1404 3561 '

430 3612 460 3661 of
466 3613 594 3662 Eadwerd
603 3612 646 3663 the
657 3614 800 3665 Confessor.
816 3616 894 3665 ‘This
917 3620 973 3667 bert
982 3620 1130 3681 mortguged
1141 3620 1289 3682 Nomandy
1299 3626 1326 3670 to
1336 3622 1377 3671 his

432 3698 494 3745 year
504 3680 594 3749 (10⁷5)
613 3684 673 3733 died
687 3684 730 3733 the
748 3684 811 3747 lady
825 3686 894 3735 Ead·
916 3688 1018 3737 brother
1033 3690 1061 3737 in
1083 3693 1148 3739 1⁰00
1163 3690 1204 3739 ior
1220 3691 1263 3740 the
1280 3691 1376 3753 triding

433 3753 511 3816 githa,
517 3754 576 3802 who
584 3768 640 3803 was
650 3754 693 3804 the
703 3754 816 3804 relictos
823 3756 894 3818 King
916 3772 974 3808 sum
984 3757 1014 3807 oi
1020 3763 1063 3807 ten
1072 3759 1199 3809 thousand
1208 3761 1304 3811 marks.

433 3824 572 3884 Eadward,
593 3838 669 3874 seven
697 3824 782 3887 nights
809 3824 894 3874 before

433 3893 584 3955 Christmas,
602 3899 629 3943 at
645 3894 820 3956 Winchester3
843 3895 893 3943 and
952 3893 1141 3948 *Nomia
1161 3900 1215 3949 ιιίιε
1235 3899 1378 3965 difficaltate

433 3963 477 4011 the
488 3963 606 4025 kingeau
608 3963 895 4027 sedhertohehrought
917 3965 1057 4030 inuasit]
1079 3968 1201 4032 ‘During
1218 3970 1260 4019 the
1277 3970 1380 4019 harvest

433 4035 460 4080 to
471 4033 714 4084 Westrninsterwith
727 4039 799 4096 great
808 4048 894 4096 pomp,
917 4038 977 4085 time
988 4036 1017 4085 of
1023 4037 1075 4087 this
1084 4054 1147 4099 year
1156 4037 1323 4105 (11⁰⁰)came
1333 4040 1377 4088 the

434 4101 485 4149 and
502 4101 534 4150 he
551 4102 604 4150 laid
614 4103 660 4152 her
669 4103 733 4151 with
745 4104 815 4167 Kiug
826 4104 895 4153 Ead-
919 4107 981 4155 Earl
991 4107 1086 4156 Robert
1092 4109 1178 4158 home'
1170 4114 1224 4159 mto
1232 4110 1380 4171 Nomuudy

433 4170 644 4221 werdherlordss
659 4170 732 4237 (Sar
743 4171 849 4237 Chron.)
940 4177 1037 4226 ..and
1058 4178 1091 4227 he
1108 4193 1165 4228 was
1180 4179 1251 4229 there
1264 4180 1378 4242 joyfully

469 4236 657 4309 'Iadngliaff
683 4242 712 4293 S.
732 4244 762 4295 C.
782 4243 818 4293 D.
837 4244 895 4294 ΕΞ.
917 4247 1291 4312 receivedbyatlhispeopte:
1304 4249 1380 4316 (Su.

434 4308 483 4371 L.;
498 4311 707 4361 omittedinlil.
919 4314 1028 4381 chron.)
