3142 5025
202 525 361 607 uru.111.]
486 544 661 591 nrsrourn
683 542 865 592 novumn.
1085 525 1152 589 757

269 792 561 840 REGAPITULATIO
584 793 631 839 DE
654 792 790 840 GOMITE
813 790 1065 843 GLOEOESTRAE.

248 898 332 982 §54
358 898 537 982 Principia
561 907 738 981 gestorum
760 899 864 983 hujus
881 899 983 993 anni,
1007 900 1067 983 qui
1090 906 1143 965 cst
1156 916 1282 1017 3023}ssss
1386 958 1392 967 .

195 997 443 1062 iucarnationis
480 999 673 1063 Dominicae
703 998 904 1063 millesimus
936 998 1275 1064 centesimustionortue

1134 1101 1140 1115 ‚
1155 1068 1197 1106 carl
1206 1069 1229 1107 of
1235 1070 1298 1109 Glou·

195 1096 482 1183 quadragesimus
497 1099 632 1175 tertius,
644 1118 689 1161 ex
701 1098 843 1181 reliquis
860 1097 1047 1180 superioris
1060 1118 1142 1164 aum
1155 1118 1239 1159 cesten
1247 1130 1296 1159 con-

195 1197 363 1260 successit
379 1197 495 1260 auimo
508 1198 674 1261 resarcire
687 1217 696 1276 ;
719 1197 889 1281 simulque
906 1216 1074 1261 summam
1090 1219 1141 1263 re·
1153 1168 1211 1207 Μ’

194 1313 272 1358 rum
295 1314 373 1378 quae
395 1295 438 1359 de
458 1295 614 1360 Roberto
638 1295 710 1360 filio
730 1297 822 1378 regis
848 1295 993 1360 Henrici
1017 1298 1141 1363 comite

195 1385 407 1458 Gloecestrae
424 1396 572 1477 sparsim
595 1395 690 1459 dicta
709 1402 803 1473 sunt,
817 1396 917 1478 quasi
938 1396 974 1459 iu
995 1394 1142 1460 fascicu-

192 1492 265 1556 lum
281 1494 475 1572 collectam,
492 1494 630 1560 lectoris
653 1494 874 1561 aestimationi
890 1514 951 1576 per
965 1496 1139 1578 recapitns

191 1591 355 1657 lationem
376 1613 580 1676 proponere.
634 1594 717 1677 Ipse
743 1594 872 1677 quippe
895 1592 985 1658 sicut
1006 1595 1139 1676 primus

192 1691 237 1755 ad
260 1699 377 1775 partes
399 1693 527 1758 sororis
550 1712 623 1757 snae
636 1693 733 1776 juste
754 1692 985 1757 defendendas
1001 1694 1138 1759 initium

190 1791 357 1874 suscepit,
384 1793 435 1856 ita
463 1797 603 1875 semper
627 1791 758 1857 invicto
791 1792 905 1857 animo
935 1794 984 1856 in*
1000 1794 1139 1876 incepto

191 1891 302 1971 gratis
333 1892 587 1973 perseveravit:
620 1891 729 1972 gratis
754 1892 843 1969 dico,
871 1892 954 1974 qnia
981 1894 1139 1963 nonnulli

190 1987 365 2053 fautorum
381 1990 469 2073 ejus,
486 1991 551 2067 vel,
565 1990 740 2055 fortunam
756 1999 953 2074 sequentes,
968 2010 1046 2055 cum
1062 1992 1137 2075 ejus

191 2089 406 2153 volubilitate
414 2096 605 2167 mutantur,
618 2090 687 2167 vel,
698 2090 809 2153 multa
818 2090 892 2173 jam
908 2090 1138 2156 emolumenta

190 2188 377 2266 consecuti,
391 2208 454 2273 spe
464 2189 671 2272 ampliorum
686 2190 906 2270 praemiorum
923 2208 985 2271 pro
997 2190 1138 2272 justitia

188 2293 355 2369 puguant.
408 2288 511 2353 Solus
541 2289 598 2352 vel
626 2308 715 2370 pene
750 2287 847 2351 solus
876 2288 1064 2366 Robertus,
1100 2291 1137 2353 in

189 2394 348 2451 neutram
369 2395 503 2470 partem
517 2387 670 2470 pronior,
683 2406 747 2450 uec
769 2406 831 2469 spe
853 2388 1058 2469 compendii,
1073 2409 1136 2453 nec

188 2486 358 2570 dispendii
373 2488 507 2566 timore,
530 2505 682 2571 unquam
697 2486 810 2550 flexus
829 2493 895 2565 cst,
912 2487 1003 2552 sicut
1019 2507 1064 2556 ex
1081 2506 1135 2552 se·

189 2589 374 2668 quentibus
396 2587 549 2670 liquebit.
602 2587 684 2651 Non
704 2606 789 2668 ergo
811 2587 927 2665 alicui,
941 2587 972 2650 si
988 2587 1062 2652 haec
1084 2589 1137 2652 in-

189 2693 286 2768 tegre
304 2687 430 2767 scribo,
443 2687 653 2751 adulationis
675 2693 835 2769 surrepat
857 2685 1027 2769 suspici03
1051 2687 1135 2752 nihil

188 2787 281 2851 euim
303 2806 326 2850 a
351 2806 406 2850 me
423 2787 561 2851 dabitur
575 2787 711 2868 gratiae
733 2786 795 2849 sed
819 2785 895 2850 sola
908 2786 1037 2850 veritas
1063 2786 1134 2850 his-

187 2887 286 2950 toriae
312 2887 387 2950 sine
413 2886 485 2950 ullo
512 2885 592 2951 fuco
622 2885 791 2949 mendacii
813 2893 1029 2968 posterorum
1054 2907 1134 2969 pro·

187 2985 332 3050 ducetur
344 2986 488 3051 notitiae.
1125 3016 1127 3018 ·

237 3085 324 3168 §dd
348 3086 491 3150 Dictum
514 3092 569 3149 est
585 3085 628 3149 dc
650 3085 775 3151 comite
789 3104 858 3168 quo
876 3086 977 3150 modo
1001 3085 1132 3169 primus

186 3177 354 3249 ¹omuium
370 3192 450 3268 post
466 3184 583 3249 David
597 3205 713 3267 regem
729 3185 868 3262 Scotiae,
882 3194 1053 3267 praesente
1067 3207 1131 3269 pa-

184 3290 238 3347 tre
252 3284 419 3360 Henrico,
430 3284 631 3348 fidelitatem
648 3285 759 3348 sorori
773 3302 846 3346 suae
861 3283 1071 3366 imperatrici
1088 3287 1130 3348 de

185 3401 291 3462 regno
306 3380 446 3464 Angliae
460 3390 496 3446 et
512 3381 642 3445 ducatu
660 3381 888 3446 Normanniae
914 3373 1130 3448 sacramento

184 3480 353 3545 firmavit:
389 3481 555 3544 nonnulla
585 3478 642 3565 (ut
667 3477 759 3564 dixi)
791 3482 1010 3545 contentione
1040 3484 1131 3546 inter

184 3599 262 3643 eum
279 3587 315 3643 et
329 3580 542 3662 Stephanum
557 3587 641 3669 tnnc
657 3580 825 3644 Bononiae
845 3581 1015 3658 comitem,
1033 3591 1129 3664 post·

182 3679 321 3745 modum
339 3678 477 3761 Angliae
500 3699 625 3760 regem,
643 3679 802 3761 quisnam
822 3678 917 3761 prior
934 3698 1129 3744 sacramen·

182 3788 258 3844 tum
271 3780 422 3859 laceret3
441 3778 596 3843 Roberto
613 3777 852 3843 excellentiam
867 3778 941 3854 filii,
952 3778 1130 3861 Stephano

182 3880 387 3962 dignitatem
402 3879 550 3961 nepotis,
567 3877 840 3942 defendentibus.

234 3980 252 4064 ᾗ
265 3979 320 4044 56.
344 3979 486 4043 Dictum
500 3985 555 4042 cst
566 3979 672 4042 etiam
686 3997 791 4060 quam
805 3977 1027 4043 rationabiles
1051 3998 1129 4042 eum

188 4199 191 4202 ’
217 4184 376 4251 ¹0mninm]
396 4189 442 4250 E.;
465 4188 573 4236 omnium
592 4188 643 4249 pri·
668 4188 723 4238 that
733 4170 844 4250 Stephen
861 4187 986 4249 preceded
998 4188 1093 4237 Robert
1103 4189 1130 4237 iu

179 4262 283 4318 matum,
312 4258 341 4307 S.
361 4257 396 4308 D.
411 4259 463 4308 M.
476 4283 512 4294 -
523 4258 643 4307 Mulmeu·
667 4259 757 4321 taking
767 4259 810 4308 tlre
821 4258 879 4308 cath
889 4262 916 4306 to
928 4258 1046 4308 Matildn.

180 4329 255 4388 bury,
267 4326 392 4392 however,
403 4326 450 4377 has
460 4327 545 4378 before
559 4328 642 4377 stated
910 4402 933 4466 3

955 4420 978 4464 D
