<?xml version="1.0" encoding="UTF-8"?>
<!DOCTYPE html PUBLIC "-//W3C//DTD XHTML 1.0 Transitional//EN"
    "http://www.w3.org/TR/xhtml1/DTD/xhtml1-transitional.dtd">
<html xmlns="http://www.w3.org/1999/xhtml" xml:lang="en" lang="en">
 <head>
  <title>
</title>
<meta http-equiv="Content-Type" content="text/html;charset=utf-8" />
  <meta name='ocr-system' content='tesseract 3.04.00' />
  <meta name='ocr-capabilities' content='ocr_page ocr_carea ocr_par ocr_line ocrx_word'/>
</head>
<body>
  <div class='ocr_page' id='page_1' title='image "./willelmimalmesb01willgoog_0095.png"; bbox 0 0 3142 5025; ppageno 0'>
   <div class='ocr_carea' id='block_1_1' title="bbox 424 524 1380 605">
    <p class='ocr_par' dir='ltr' id='par_1_1' title="bbox 424 524 1380 605">
     <span class='ocr_line' id='line_1_1' title="bbox 424 524 1380 605; baseline -0.004 -13"><span class='ocrx_word' id='word_1_1' title='bbox 424 527 493 592; x_wconf 76' lang='lat'><strong>452</strong></span> <span class='ocrx_word' id='word_1_2' title='bbox 640 541 754 590; x_wconf 80' lang='lat' dir='ltr'><strong>casm</strong></span> <span class='ocrx_word' id='word_1_3' title='bbox 777 541 906 590; x_wconf 84' lang='lat' dir='ltr'><strong>nncuu</strong></span> <span class='ocrx_word' id='word_1_4' title='bbox 929 539 1144 589; x_wconf 74' lang='lat' dir='ltr'><strong>suenorum</strong></span> <span class='ocrx_word' id='word_1_5' title='bbox 1220 524 1309 605; x_wconf 81' lang='lat' dir='ltr'><strong>[cm.</strong></span> <span class='ocrx_word' id='word_1_6' title='bbox 1325 540 1380 588; x_wconf 88' lang='lat'>111.</span> 
     </span>
    </p>
   </div>
   <div class='ocr_carea' id='block_1_2' title="bbox 182 690 1382 3753">
    <p class='ocr_par' dir='ltr' id='par_1_2' title="bbox 182 690 1382 3753">
     <span class='ocr_line' id='line_1_2' title="bbox 426 690 1380 780; baseline -0.001 -19"><span class='ocrx_word' id='word_1_7' title='bbox 426 696 806 774; x_wconf 78' lang='lat' dir='ltr'><strong>WalkeriuS,&#39;fi1r&#39;enti</strong></span> <span class='ocrx_word' id='word_1_8' title='bbox 837 696 1027 780; x_wconf 89' lang='lat' dir='ltr'><strong>parentelae</strong></span> <span class='ocrx_word' id='word_1_9' title='bbox 1055 695 1210 760; x_wconf 83' lang='lat' dir='ltr'>defuncti</span> <span class='ocrx_word' id='word_1_10' title='bbox 1239 690 1380 778; x_wconf 77' lang='lat' dir='ltr'><strong>¹leg&#39;alis</strong></span> 
     </span>
     <span class='ocr_line' id='line_1_3' title="bbox 427 795 1381 881; baseline 0.001 -21"><span class='ocrx_word' id='word_1_11' title='bbox 427 797 548 879; x_wconf 84' lang='lat' dir='ltr'>placiti</span> <span class='ocrx_word' id='word_1_12' title='bbox 562 796 733 881; x_wconf 90' lang='lat' dir='ltr'><strong>judicium</strong></span> <span class='ocrx_word' id='word_1_13' title='bbox 751 797 928 880; x_wconf 89' lang='lat' dir='ltr'><strong>opposuit,</strong></span> <span class='ocrx_word' id='word_1_14' title='bbox 946 803 1161 878; x_wconf 82' lang='lat' dir='ltr'><strong>protestatus</strong></span> <span class='ocrx_word' id='word_1_15' title='bbox 1187 795 1381 861; x_wconf 89' lang='lat' dir='ltr'><strong>Leobinum</strong></span> 
     </span>
     <span class='ocr_line' id='line_1_4' title="bbox 428 894 1379 978; baseline 0 -20"><span class='ocrx_word' id='word_1_16' title='bbox 428 915 502 960; x_wconf 88' lang='lat' dir='ltr'><strong>suae</strong></span> <span class='ocrx_word' id='word_1_17' title='bbox 535 915 744 978; x_wconf 89' lang='lat' dir='ltr'><strong>suorumque</strong></span> <span class='ocrx_word' id='word_1_18' title='bbox 774 897 869 959; x_wconf 92' lang='lat' dir='ltr'><strong>necis</strong></span> <span class='ocrx_word' id='word_1_19' title='bbox 898 902 1085 958; x_wconf 79' lang='lat' dir='ltr'><strong>auctorem.</strong></span> <span class='ocrx_word' id='word_1_20' title='bbox 1138 894 1210 958; x_wconf 92' lang='lat' dir='ltr'><strong>Ubi</strong></span> <span class='ocrx_word' id='word_1_21' title='bbox 1236 903 1379 960; x_wconf 88' lang='lat' dir='ltr'><strong>ventum</strong></span> 
     </span>
     <span class='ocr_line' id='line_1_5' title="bbox 428 993 1380 1077; baseline 0 -19"><span class='ocrx_word' id='word_1_22' title='bbox 428 995 473 1058; x_wconf 91' lang='lat' dir='ltr'><strong>ad</strong></span> <span class='ocrx_word' id='word_1_23' title='bbox 486 995 666 1077; x_wconf 85' lang='lat' dir='ltr'><strong>placitum,</strong></span> <span class='ocrx_word' id='word_1_24' title='bbox 683 995 788 1060; x_wconf 85' lang='lat' dir='ltr'><strong>nullis</strong></span> <span class='ocrx_word' id='word_1_25' title='bbox 803 993 908 1058; x_wconf 86' lang='lat' dir='ltr'><strong>effera</strong></span> <span class='ocrx_word' id='word_1_26' title='bbox 925 1003 1011 1076; x_wconf 86' lang='lat' dir='ltr'><strong>g&#39;ens</strong></span> <span class='ocrx_word' id='word_1_27' title='bbox 1026 994 1219 1058; x_wconf 89' lang='lat' dir='ltr'><strong>rationibus</strong></span> <span class='ocrx_word' id='word_1_28' title='bbox 1233 995 1380 1058; x_wconf 92' lang='lat' dir='ltr'><strong>emolliri</strong></span> 
     </span>
     <span class='ocr_line' id='line_1_6' title="bbox 426 1093 1379 1177; baseline -0.001 -19"><span class='ocrx_word' id='word_1_29' title='bbox 426 1095 543 1176; x_wconf 94' lang='lat' dir='ltr'><strong>potuit</strong></span> <span class='ocrx_word' id='word_1_30' title='bbox 562 1095 647 1176; x_wconf 91' lang='lat' dir='ltr'><strong>quin</strong></span> <span class='ocrx_word' id='word_1_31' title='bbox 667 1095 704 1157; x_wconf 92' lang='lat' dir='ltr'><strong>in</strong></span> <span class='ocrx_word' id='word_1_32' title='bbox 725 1094 926 1177; x_wconf 90' lang='lat' dir='ltr'><strong>episcopum</strong></span> <span class='ocrx_word' id='word_1_33' title='bbox 952 1093 1096 1157; x_wconf 82' lang='lat' dir='ltr'><strong>referret</strong></span> <span class='ocrx_word' id='word_1_34' title='bbox 1112 1093 1262 1175; x_wconf 89' lang='lat' dir='ltr'><strong>culpam,</strong></span> <span class='ocrx_word' id='word_1_35' title='bbox 1285 1094 1379 1175; x_wconf 93' lang='lat' dir='ltr'><strong>quod</strong></span> 
     </span>
     <span class='ocr_line' id='line_1_7' title="bbox 427 1192 1379 1276; baseline -0.002 -18"><span class='ocrx_word' id='word_1_36' title='bbox 427 1194 549 1258; x_wconf 86' lang='lat' dir='ltr'><strong>ambos</strong></span> <span class='ocrx_word' id='word_1_37' title='bbox 570 1193 758 1257; x_wconf 87' lang='lat' dir='ltr'><strong>homicidas</strong></span> <span class='ocrx_word' id='word_1_38' title='bbox 781 1193 818 1256; x_wconf 93' lang='lat' dir='ltr'><strong>in</strong></span> <span class='ocrx_word' id='word_1_39' title='bbox 834 1193 930 1257; x_wconf 85' lang='lat' dir='ltr'><strong>curia</strong></span> <span class='ocrx_word' id='word_1_40' title='bbox 945 1193 1022 1276; x_wconf 90' lang='lat' dir='ltr'><strong>ejus</strong></span> <span class='ocrx_word' id='word_1_41' title='bbox 1039 1199 1120 1274; x_wconf 90' lang='lat' dir='ltr'><strong>post</strong></span> <span class='ocrx_word' id='word_1_42' title='bbox 1138 1211 1258 1256; x_wconf 89' lang='lat' dir='ltr'><strong>necem</strong></span> <span class='ocrx_word' id='word_1_43' title='bbox 1273 1192 1379 1256; x_wconf 86' lang='lat' dir='ltr'><strong>Liulfi</strong></span> 
     </span>
     <span class='ocr_line' id='line_1_8' title="bbox 427 1290 1380 1372; baseline 0 -16"><span class='ocrx_word' id='word_1_44' title='bbox 427 1291 644 1356; x_wconf 87' lang='lat' dir='ltr'><strong>familiariter</strong></span> <span class='ocrx_word' id='word_1_45' title='bbox 652 1292 845 1357; x_wconf 86' lang='lat' dir='ltr'><strong>diversatos</strong></span> <span class='ocrx_word' id='word_1_46' title='bbox 862 1292 1042 1356; x_wconf 88' lang='lat' dir='ltr'><strong>vidissent.</strong></span> <span class='ocrx_word' id='word_1_47' title='bbox 1082 1290 1282 1356; x_wconf 88' lang='lat' dir='ltr'><strong>Surrectum</strong></span> <span class='ocrx_word' id='word_1_48' title='bbox 1295 1311 1380 1372; x_wconf 82' lang='lat' dir='ltr'><strong>ergo</strong></span> 
     </span>
     <span class='ocr_line' id='line_1_9' title="bbox 426 1389 1379 1470; baseline -0.003 -13"><span class='ocrx_word' id='word_1_49' title='bbox 426 1391 465 1457; x_wconf 93' lang='lat' dir='ltr'><strong>in</strong></span> <span class='ocrx_word' id='word_1_50' title='bbox 489 1391 657 1456; x_wconf 89' lang='lat' dir='ltr'><strong>clamores</strong></span> <span class='ocrx_word' id='word_1_51' title='bbox 683 1400 718 1455; x_wconf 95' lang='lat' dir='ltr'><strong>et</strong></span> <span class='ocrx_word' id='word_1_52' title='bbox 739 1391 833 1470; x_wconf 90' lang='lat' dir='ltr'><strong>iras;</strong></span> <span class='ocrx_word' id='word_1_53' title='bbox 856 1399 892 1454; x_wconf 91' lang='lat' dir='ltr'><strong>et</strong></span> <span class='ocrx_word' id='word_1_54' title='bbox 907 1389 1126 1456; x_wconf 86' lang='lat' dir='ltr'><strong>Gislebertus</strong></span> <span class='ocrx_word' id='word_1_55' title='bbox 1151 1389 1195 1452; x_wconf 92' lang='lat' dir='ltr'><strong>de</strong></span> <span class='ocrx_word' id='word_1_56' title='bbox 1220 1390 1379 1466; x_wconf 89' lang='lat' dir='ltr'><strong>ecclesia,</strong></span> 
     </span>
     <span class='ocr_line' id='line_1_10' title="bbox 426 1488 1380 1573; baseline 0.001 -21"><span class='ocrx_word' id='word_1_57' title='bbox 426 1489 463 1553; x_wconf 92' lang='lat' dir='ltr'><strong>in</strong></span> <span class='ocrx_word' id='word_1_58' title='bbox 480 1510 551 1572; x_wconf 92' lang='lat' dir='ltr'><strong>qua</strong></span> <span class='ocrx_word' id='word_1_59' title='bbox 567 1509 645 1554; x_wconf 92' lang='lat' dir='ltr'><strong>eum</strong></span> <span class='ocrx_word' id='word_1_60' title='bbox 661 1491 824 1573; x_wconf 89' lang='lat' dir='ltr'><strong>episcopo</strong></span> <span class='ocrx_word' id='word_1_61' title='bbox 846 1489 996 1566; x_wconf 90' lang='lat' dir='ltr'><strong>sederat,</strong></span> <span class='ocrx_word' id='word_1_62' title='bbox 1014 1489 1108 1553; x_wconf 88' lang='lat' dir='ltr'><strong>ultro</strong></span> <span class='ocrx_word' id='word_1_63' title='bbox 1130 1488 1321 1570; x_wconf 86' lang='lat' dir='ltr'><strong>egrediens,</strong></span> <span class='ocrx_word' id='word_1_64' title='bbox 1339 1498 1380 1554; x_wconf 90' lang='lat' dir='ltr'><strong>ut</strong></span> 
     </span>
     <span class='ocr_line' id='line_1_11' title="bbox 427 1588 1379 1672; baseline 0.001 -21"><span class='ocrx_word' id='word_1_65' title='bbox 427 1593 491 1654; x_wconf 85' lang='lat' dir='ltr'><strong>suo</strong></span> <span class='ocrx_word' id='word_1_66' title='bbox 509 1589 662 1672; x_wconf 90' lang='lat' dir='ltr'><strong>periculo</strong></span> <span class='ocrx_word' id='word_1_67' title='bbox 679 1589 789 1654; x_wconf 84' lang='lat' dir='ltr'><strong>vitam</strong></span> <span class='ocrx_word' id='word_1_68' title='bbox 806 1588 935 1653; x_wconf 93' lang='lat' dir='ltr'><strong>domini</strong></span> <span class='ocrx_word' id='word_1_69' title='bbox 957 1595 1180 1664; x_wconf 88' lang='lat' dir='ltr'><strong>mercaretur,</strong></span> <span class='ocrx_word' id='word_1_70' title='bbox 1196 1588 1300 1670; x_wconf 91' lang='lat' dir='ltr'><strong>impie</strong></span> <span class='ocrx_word' id='word_1_71' title='bbox 1322 1608 1379 1652; x_wconf 92' lang='lat' dir='ltr'><strong>oc·</strong></span> 
     </span>
     <span class='ocr_line' id='line_1_12' title="bbox 427 1687 1378 1771; baseline 0.001 -20"><span class='ocrx_word' id='word_1_72' title='bbox 427 1689 529 1751; x_wconf 82' lang='lat' dir='ltr'><strong>uisus,</strong></span> <span class='ocrx_word' id='word_1_73' title='bbox 581 1688 669 1751; x_wconf 87' lang='lat' dir='ltr'><strong>Tum</strong></span> <span class='ocrx_word' id='word_1_74' title='bbox 688 1689 830 1770; x_wconf 87' lang='lat' dir='ltr'><strong>praesul,</strong></span> <span class='ocrx_word' id='word_1_75' title='bbox 847 1707 919 1771; x_wconf 90' lang='lat' dir='ltr'><strong>prae</strong></span> <span class='ocrx_word' id='word_1_76' title='bbox 932 1687 1052 1771; x_wconf 87' lang='lat' dir='ltr'><strong>januis</strong></span> <span class='ocrx_word' id='word_1_77' title='bbox 1070 1706 1190 1770; x_wconf 91' lang='lat' dir='ltr'><strong>pacem</strong></span> <span class='ocrx_word' id='word_1_78' title='bbox 1208 1693 1378 1768; x_wconf 81' lang='lat' dir='ltr'><strong>praetento</strong></span> 
     </span>
     <span class='ocr_line' id='line_1_13' title="bbox 410 1785 1377 1868; baseline 0.001 -18"><span class='ocrx_word' id='word_1_79' title='bbox 410 1853 415 1862; x_wconf 74' lang='grc'><em>,</em></span> <span class='ocrx_word' id='word_1_80' title='bbox 428 1806 524 1851; x_wconf 92' lang='lat' dir='ltr'><strong>ramo</strong></span> <span class='ocrx_word' id='word_1_81' title='bbox 542 1786 701 1864; x_wconf 86' lang='lat' dir='ltr'><strong>offerens,</strong></span> <span class='ocrx_word' id='word_1_82' title='bbox 718 1788 848 1850; x_wconf 89' lang='lat' dir='ltr'><strong>rabiem</strong></span> <span class='ocrx_word' id='word_1_83' title='bbox 862 1785 961 1868; x_wconf 85' lang='lat' dir='ltr'><strong>vulgi</strong></span> <span class='ocrx_word' id='word_1_84' title='bbox 974 1785 1130 1868; x_wconf 84' lang='lat' dir='ltr'><strong>explevit</strong></span> <span class='ocrx_word' id='word_1_85' title='bbox 1152 1787 1377 1851; x_wconf 87' lang='lat' dir='ltr'><strong>interemtus:</strong></span> 
     </span>
     <span class='ocr_line' id='line_1_14' title="bbox 428 1885 1380 1967; baseline -0.001 -17"><span class='ocrx_word' id='word_1_86' title='bbox 428 1885 537 1951; x_wconf 90' lang='lat' dir='ltr'><strong>fomes</strong></span> <span class='ocrx_word' id='word_1_87' title='bbox 560 1887 665 1950; x_wconf 89' lang='lat' dir='ltr'><strong>etiam</strong></span> <span class='ocrx_word' id='word_1_88' title='bbox 687 1886 771 1950; x_wconf 92' lang='lat' dir='ltr'><strong>mali</strong></span> <span class='ocrx_word' id='word_1_89' title='bbox 788 1886 965 1950; x_wconf 86' lang='lat' dir='ltr'><strong>Leobinus</strong></span> <span class='ocrx_word' id='word_1_90' title='bbox 990 1885 1266 1962; x_wconf 85' lang='lat' dir='ltr'><strong>semiustulatus,</strong></span> <span class='ocrx_word' id='word_1_91' title='bbox 1285 1886 1380 1967; x_wconf 94' lang='lat' dir='ltr'><strong>quod</strong></span> 
     </span>
     <span class='ocr_line' id='line_1_15' title="bbox 429 1984 1379 2061; baseline -0.002 -11"><span class='ocrx_word' id='word_1_92' title='bbox 429 1986 497 2050; x_wconf 89' lang='lat' dir='ltr'><strong>nisi</strong></span> <span class='ocrx_word' id='word_1_93' title='bbox 513 1985 659 2050; x_wconf 88' lang='lat' dir='ltr'><strong>ecclesia</strong></span> <span class='ocrx_word' id='word_1_94' title='bbox 675 1993 829 2051; x_wconf 87' lang='lat' dir='ltr'><strong>cremata</strong></span> <span class='ocrx_word' id='word_1_95' title='bbox 845 1986 941 2049; x_wconf 85' lang='lat' dir='ltr'><strong>exire</strong></span> <span class='ocrx_word' id='word_1_96' title='bbox 955 1984 1108 2061; x_wconf 89' lang='lat' dir='ltr'><strong>nolebat,</strong></span> <span class='ocrx_word' id='word_1_97' title='bbox 1125 1985 1272 2047; x_wconf 84' lang='lat' dir='ltr'><strong>exiliens</strong></span> <span class='ocrx_word' id='word_1_98' title='bbox 1285 1984 1379 2048; x_wconf 91' lang='lat' dir='ltr'><strong>mille</strong></span> 
     </span>
     <span class='ocr_line' id='line_1_16' title="bbox 428 2082 1379 2167; baseline 0 -20"><span class='ocrx_word' id='word_1_99' title='bbox 428 2085 559 2148; x_wconf 88' lang='lat' dir='ltr'><strong>lanceis</strong></span> <span class='ocrx_word' id='word_1_100' title='bbox 581 2093 749 2167; x_wconf 85' lang='lat' dir='ltr'><strong>exceptus</strong></span> <span class='ocrx_word' id='word_1_101' title='bbox 772 2092 837 2148; x_wconf 91' lang='lat' dir='ltr'><strong>est.</strong></span> <span class='ocrx_word' id='word_1_102' title='bbox 890 2083 1101 2147; x_wconf 86' lang='lat' dir='ltr'><strong>Praedictum</strong></span> <span class='ocrx_word' id='word_1_103' title='bbox 1115 2083 1151 2146; x_wconf 95' lang='lat' dir='ltr'><strong>id</strong></span> <span class='ocrx_word' id='word_1_104' title='bbox 1167 2084 1212 2146; x_wconf 93' lang='lat' dir='ltr'><strong>ab</strong></span> <span class='ocrx_word' id='word_1_105' title='bbox 1225 2082 1379 2165; x_wconf 77' lang='lat' dir='ltr'><strong>Edgitha</strong></span> 
     </span>
     <span class='ocr_line' id='line_1_17' title="bbox 429 2181 1378 2264; baseline -0.002 -16"><span class='ocrx_word' id='word_1_106' title='bbox 429 2184 552 2264; x_wconf 90' lang='lat' dir='ltr'><strong>relicta</strong></span> <span class='ocrx_word' id='word_1_107' title='bbox 566 2184 659 2264; x_wconf 83' lang='lat' dir='ltr'><strong>regis</strong></span> <span class='ocrx_word' id='word_1_108' title='bbox 677 2183 860 2262; x_wconf 81' lang='lat' dir='ltr'><strong>Edwardi3</strong></span> <span class='ocrx_word' id='word_1_109' title='bbox 879 2203 960 2247; x_wconf 90' lang='lat' dir='ltr'><strong>nam</strong></span> <span class='ocrx_word' id='word_1_110' title='bbox 975 2202 1054 2246; x_wconf 91' lang='lat' dir='ltr'><strong>cum</strong></span> <span class='ocrx_word' id='word_1_111' title='bbox 1068 2183 1151 2247; x_wconf 93' lang='lat' dir='ltr'><strong>olim</strong></span> <span class='ocrx_word' id='word_1_112' title='bbox 1160 2181 1378 2251; x_wconf 82' lang='lat' dir='ltr'><strong>Walkerium</strong></span> 
     </span>
     <span class='ocr_line' id='line_1_18' title="bbox 429 2280 1378 2359; baseline 0 -12"><span class='ocrx_word' id='word_1_113' title='bbox 429 2282 575 2347; x_wconf 86' lang='lat' dir='ltr'><strong>vidisset</strong></span> <span class='ocrx_word' id='word_1_114' title='bbox 591 2283 781 2348; x_wconf 87' lang='lat' dir='ltr'><strong>Wintoniee</strong></span> <span class='ocrx_word' id='word_1_115' title='bbox 814 2282 859 2346; x_wconf 97' lang='lat' dir='ltr'><strong>ad</strong></span> <span class='ocrx_word' id='word_1_116' title='bbox 892 2282 1162 2347; x_wconf 85' lang='lat' dir='ltr'><strong>consecrandum</strong></span> <span class='ocrx_word' id='word_1_117' title='bbox 1190 2280 1283 2359; x_wconf 91' lang='lat' dir='ltr'><strong>duci,</strong></span> <span class='ocrx_word' id='word_1_118' title='bbox 1311 2301 1378 2347; x_wconf 86' lang='lat' dir='ltr'><strong>oae-</strong></span> 
     </span>
     <span class='ocr_line' id='line_1_19' title="bbox 428 2374 1382 2462; baseline -0.002 -17"><span class='ocrx_word' id='word_1_119' title='bbox 428 2374 520 2445; x_wconf 90' lang='lat' dir='ltr'><strong>sarie</strong></span> <span class='ocrx_word' id='word_1_120' title='bbox 530 2382 734 2459; x_wconf 89' lang='lat' dir='ltr'><strong>lacteolum,</strong></span> <span class='ocrx_word' id='word_1_121' title='bbox 751 2383 854 2446; x_wconf 85' lang='lat' dir='ltr'><strong>vultu</strong></span> <span class='ocrx_word' id='word_1_122' title='bbox 876 2400 1026 2458; x_wconf 92' lang='lat' dir='ltr'><strong>roseum,</strong></span> <span class='ocrx_word' id='word_1_123' title='bbox 1045 2387 1182 2444; x_wconf 88' lang='lat' dir='ltr'><strong>statura</strong></span> <span class='ocrx_word' id='word_1_124' title='bbox 1203 2400 1382 2462; x_wconf 84' lang='lat' dir='ltr'><strong>praegran-</strong></span> 
     </span>
     <span class='ocr_line' id='line_1_20' title="bbox 428 2479 1379 2563; baseline -0.003 -17"><span class='ocrx_word' id='word_1_125' title='bbox 428 2481 519 2558; x_wconf 85' lang='lat' dir='ltr'><strong>dem,</strong></span> <span class='ocrx_word' id='word_1_126' title='bbox 545 2480 759 2545; x_wconf 91' lang='lat' dir='ltr'><strong>‘Pulchrum</strong></span> <span class='ocrx_word' id='word_1_127' title='bbox 782 2481 861 2559; x_wconf 89' lang='lat' dir='ltr'><strong>hic,&#39;</strong></span> <span class='ocrx_word' id='word_1_128' title='bbox 880 2481 942 2557; x_wconf 90' lang='lat' dir='ltr'><strong>ait,</strong></span> <span class='ocrx_word' id='word_1_129' title='bbox 957 2485 1167 2563; x_wconf 88' lang='lat' dir='ltr'><strong>‘martyrem</strong></span> <span class='ocrx_word' id='word_1_130' title='bbox 1187 2479 1379 2557; x_wconf 88' lang='lat' dir='ltr'><strong>habemus,&#39;</strong></span> 
     </span>
     <span class='ocr_line' id='line_1_21' title="bbox 427 2578 1379 2665; baseline -0.003 -21"><span class='ocrx_word' id='word_1_131' title='bbox 427 2581 630 2665; x_wconf 88' lang='lat' dir='ltr'><strong>conjectura</strong></span> <span class='ocrx_word' id='word_1_132' title='bbox 646 2581 807 2645; x_wconf 83' lang='lat' dir='ltr'><strong>videlicet</strong></span> <span class='ocrx_word' id='word_1_133' title='bbox 822 2580 1036 2643; x_wconf 90' lang='lat' dir='ltr'><strong>immodestae</strong></span> <span class='ocrx_word' id='word_1_134' title='bbox 1053 2580 1205 2643; x_wconf 88' lang='lat' dir='ltr'><strong>nationis</strong></span> <span class='ocrx_word' id='word_1_135' title='bbox 1222 2578 1267 2642; x_wconf 89' lang='lat' dir='ltr'><strong>ad</strong></span> <span class='ocrx_word' id='word_1_136' title='bbox 1289 2598 1379 2663; x_wconf 86' lang='lat' dir='ltr'><strong>prae·</strong></span> 
     </span>
     <span class='ocr_line' id='line_1_22' title="bbox 267 2671 1379 2761; baseline 0.003 -24"><span class='ocrx_word' id='word_1_137' title='bbox 267 2698 323 2737; x_wconf 78' lang='grc' dir='ltr'>ιι).</span> <span class='ocrx_word' id='word_1_138' title='bbox 334 2699 391 2738; x_wconf 82' lang='lat'>1⁰⁸2.</span> <span class='ocrx_word' id='word_1_139' title='bbox 427 2679 633 2761; x_wconf 88' lang='lat' dir='ltr'><strong>sagiendum</strong></span> <span class='ocrx_word' id='word_1_140' title='bbox 650 2679 805 2743; x_wconf 88' lang='lat' dir='ltr'><strong>inducta.</strong></span> <span class='ocrx_word' id='word_1_141' title='bbox 844 2679 1020 2742; x_wconf 88' lang='lat' dir='ltr'><strong>Successit</strong></span> <span class='ocrx_word' id='word_1_142' title='bbox 1035 2680 1067 2742; x_wconf 91' lang='lat' dir='ltr'><strong>ei</strong></span> <span class='ocrx_word' id='word_1_143' title='bbox 1084 2671 1301 2745; x_wconf 79' lang='lat' dir='ltr'><strong>²Willelmus</strong></span> <span class='ocrx_word' id='word_1_144' title='bbox 1318 2680 1379 2741; x_wconf 85' lang='lat' dir='ltr'><strong>ab·</strong></span> 
     </span>
     <span class='ocr_line' id='line_1_23' title="bbox 427 2776 1380 2861; baseline 0 -20"><span class='ocrx_word' id='word_1_145' title='bbox 427 2780 492 2841; x_wconf 88' lang='lat' dir='ltr'><strong>bas</strong></span> <span class='ocrx_word' id='word_1_146' title='bbox 521 2777 633 2842; x_wconf 89' lang='lat' dir='ltr'><strong>sancti</strong></span> <span class='ocrx_word' id='word_1_147' title='bbox 664 2777 815 2855; x_wconf 84' lang='lat' dir='ltr'><strong>Carileli,</strong></span> <span class='ocrx_word' id='word_1_148' title='bbox 841 2778 902 2861; x_wconf 93' lang='lat' dir='ltr'><strong>qui</strong></span> <span class='ocrx_word' id='word_1_149' title='bbox 928 2776 1115 2842; x_wconf 89' lang='lat' dir='ltr'><strong>monachos</strong></span> <span class='ocrx_word' id='word_1_150' title='bbox 1139 2778 1177 2840; x_wconf 94' lang='lat' dir='ltr'><strong>in</strong></span> <span class='ocrx_word' id='word_1_151' title='bbox 1205 2777 1380 2844; x_wconf 83' lang='lat' dir='ltr'><strong>Dunelmo</strong></span> 
     </span>
     <span class='ocr_line' id='line_1_24' title="bbox 425 2879 1042 2960; baseline 0 -19"><span class='ocrx_word' id='word_1_152' title='bbox 425 2879 557 2960; x_wconf 90' lang='lat' dir='ltr'><strong>posuit.</strong></span> <span class='ocrx_word' id='word_1_153' title='bbox 1035 2946 1042 2960; x_wconf 50' lang='grc'><strong><em>,</em></strong></span> 
     </span>
     <span class='ocr_line' id='line_1_25' title="bbox 182 2976 1382 3085; baseline 0.005 -51"><span class='ocrx_word' id='word_1_154' title='bbox 182 2981 189 2993; x_wconf 81' lang='grc'><em>·</em></span> <span class='ocrx_word' id='word_1_155' title='bbox 266 2995 430 3085; x_wconf 50' lang='lat' dir='ltr'><strong>misna·</strong></span> <span class='ocrx_word' id='word_1_156' title='bbox 489 2978 598 3062; x_wconf 65' lang='lat'><strong>§272</strong></span> <span class='ocrx_word' id='word_1_157' title='bbox 626 2976 820 3054; x_wconf 80' lang='lat' dir='ltr'><strong>Praeterea,</strong></span> <span class='ocrx_word' id='word_1_158' title='bbox 854 2995 946 3039; x_wconf 90' lang='lat' dir='ltr'><strong>anno</strong></span> <span class='ocrx_word' id='word_1_159' title='bbox 975 2981 1163 3058; x_wconf 89' lang='lat' dir='ltr'><strong>antequam</strong></span> <span class='ocrx_word' id='word_1_160' title='bbox 1195 2976 1382 3040; x_wconf 86' lang='lat' dir='ltr'><strong>moriretur</strong></span> 
     </span>
     <span class='ocr_line' id='line_1_26' title="bbox 340 3056 1380 3159; baseline -0.001 -21"><span class='ocrx_word' id='word_1_161' title='bbox 340 3056 409 3087; x_wconf 67' lang='lat'><strong>‘&#39;¹⁰²&#39;&#39;</strong></span> <span class='ocrx_word' id='word_1_162' title='bbox 425 3077 603 3159; x_wconf 87' lang='lat' dir='ltr'><strong>proximo,</strong></span> <span class='ocrx_word' id='word_1_163' title='bbox 635 3076 832 3139; x_wconf 86' lang='lat' dir='ltr'><strong>mortalitas</strong></span> <span class='ocrx_word' id='word_1_164' title='bbox 863 3074 1041 3140; x_wconf 89' lang='lat' dir='ltr'><strong>hominum</strong></span> <span class='ocrx_word' id='word_1_165' title='bbox 1073 3082 1108 3138; x_wconf 95' lang='lat' dir='ltr'><strong>et</strong></span> <span class='ocrx_word' id='word_1_166' title='bbox 1130 3072 1380 3155; x_wconf 89' lang='lat' dir='ltr'><strong>jumentorum,</strong></span> 
     </span>
     <span class='ocr_line' id='line_1_27' title="bbox 429 3172 1379 3257; baseline -0.004 -18"><span class='ocrx_word' id='word_1_167' title='bbox 429 3176 483 3240; x_wconf 86' lang='lat' dir='ltr'><strong>vis</strong></span> <span class='ocrx_word' id='word_1_168' title='bbox 515 3181 761 3257; x_wconf 85' lang='lat' dir='ltr'><strong>tempestatum</strong></span> <span class='ocrx_word' id='word_1_169' title='bbox 794 3173 969 3255; x_wconf 83' lang='lat' dir='ltr'><strong>frequens,</strong></span> <span class='ocrx_word' id='word_1_170' title='bbox 995 3172 1163 3236; x_wconf 81' lang='lat' dir='ltr'><strong>violentia</strong></span> <span class='ocrx_word' id='word_1_171' title='bbox 1189 3172 1379 3255; x_wconf 82' lang='lat' dir='ltr'><strong>fulgurum,</strong></span> 
     </span>
     <span class='ocr_line' id='line_1_28' title="bbox 424 3270 1379 3357; baseline 0 -21"><span class='ocrx_word' id='word_1_172' title='bbox 424 3280 598 3357; x_wconf 87' lang='lat' dir='ltr'><strong>quantam</strong></span> <span class='ocrx_word' id='word_1_173' title='bbox 627 3292 729 3338; x_wconf 94' lang='lat' dir='ltr'><strong>nemo</strong></span> <span class='ocrx_word' id='word_1_174' title='bbox 760 3273 909 3349; x_wconf 85' lang='lat' dir='ltr'><strong>viderat,</strong></span> <span class='ocrx_word' id='word_1_175' title='bbox 938 3291 1040 3335; x_wconf 93' lang='lat' dir='ltr'><strong>nemo</strong></span> <span class='ocrx_word' id='word_1_176' title='bbox 1071 3270 1240 3335; x_wconf 92' lang='lat' dir='ltr'><strong>audierat.</strong></span> <span class='ocrx_word' id='word_1_177' title='bbox 1310 3271 1379 3336; x_wconf 94' lang='lat' dir='ltr'><strong>Illo</strong></span> 
     </span>
     <span class='ocr_line' id='line_1_29' title="bbox 428 3370 1378 3456; baseline -0.002 -21"><span class='ocrx_word' id='word_1_178' title='bbox 428 3392 568 3456; x_wconf 87' lang='lat' dir='ltr'><strong>quoque</strong></span> <span class='ocrx_word' id='word_1_179' title='bbox 594 3392 685 3437; x_wconf 89' lang='lat' dir='ltr'><strong>anno</strong></span> <span class='ocrx_word' id='word_1_180' title='bbox 711 3392 781 3453; x_wconf 90' lang='lat' dir='ltr'><strong>quo</strong></span> <span class='ocrx_word' id='word_1_181' title='bbox 807 3372 906 3447; x_wconf 93' lang='lat' dir='ltr'><strong>obiit,</strong></span> <span class='ocrx_word' id='word_1_182' title='bbox 923 3371 1123 3453; x_wconf 90' lang='lat' dir='ltr'><strong>promiscua</strong></span> <span class='ocrx_word' id='word_1_183' title='bbox 1147 3370 1253 3434; x_wconf 89' lang='lat' dir='ltr'><strong>febris</strong></span> <span class='ocrx_word' id='word_1_184' title='bbox 1281 3371 1378 3453; x_wconf 91' lang='lat' dir='ltr'><strong>plus-</strong></span> 
     </span>
     <span class='ocr_line' id='line_1_30' title="bbox 429 3469 1381 3555; baseline -0.001 -21"><span class='ocrx_word' id='word_1_185' title='bbox 429 3491 535 3554; x_wconf 91' lang='lat' dir='ltr'><strong>quam</strong></span> <span class='ocrx_word' id='word_1_186' title='bbox 557 3472 733 3536; x_wconf 90' lang='lat' dir='ltr'><strong>dimidiam</strong></span> <span class='ocrx_word' id='word_1_187' title='bbox 755 3480 892 3555; x_wconf 87' lang='lat' dir='ltr'><strong>partem</strong></span> <span class='ocrx_word' id='word_1_188' title='bbox 917 3470 1027 3553; x_wconf 93' lang='lat' dir='ltr'><strong>plebis</strong></span> <span class='ocrx_word' id='word_1_189' title='bbox 1051 3470 1209 3551; x_wconf 88' lang='lat' dir='ltr'><strong>depasta,</strong></span> <span class='ocrx_word' id='word_1_190' title='bbox 1231 3469 1319 3534; x_wconf 89' lang='lat' dir='ltr'><strong>adeo</strong></span> <span class='ocrx_word' id='word_1_191' title='bbox 1341 3476 1381 3533; x_wconf 92' lang='lat' dir='ltr'><strong>ut</strong></span> 
     </span>
     <span class='ocr_line' id='line_1_31' title="bbox 426 3567 1381 3654; baseline -0.002 -21"><span class='ocrx_word' id='word_1_192' title='bbox 426 3570 546 3654; x_wconf 85' lang='lat' dir='ltr'><strong>plures</strong></span> <span class='ocrx_word' id='word_1_193' title='bbox 563 3571 826 3637; x_wconf 90' lang='lat' dir='ltr'><strong>incommoditas</strong></span> <span class='ocrx_word' id='word_1_194' title='bbox 842 3568 953 3634; x_wconf 93' lang='lat' dir='ltr'><strong>morbi</strong></span> <span class='ocrx_word' id='word_1_195' title='bbox 978 3568 1222 3649; x_wconf 71' lang='lat' dir='ltr'><strong>extingueret,</strong></span> <span class='ocrx_word' id='word_1_196' title='bbox 1245 3567 1381 3644; x_wconf 91' lang='lat' dir='ltr'><strong>deinde,</strong></span> 
     </span>
     <span class='ocr_line' id='line_1_32' title="bbox 428 3666 1381 3753; baseline -0.002 -21"><span class='ocrx_word' id='word_1_197' title='bbox 428 3689 493 3753; x_wconf 90' lang='lat' dir='ltr'><strong>pro</strong></span> <span class='ocrx_word' id='word_1_198' title='bbox 515 3670 717 3752; x_wconf 88' lang='lat' dir='ltr'><strong>intemperie</strong></span> <span class='ocrx_word' id='word_1_199' title='bbox 740 3670 844 3745; x_wconf 90' lang='lat' dir='ltr'><strong>aeris,</strong></span> <span class='ocrx_word' id='word_1_200' title='bbox 866 3668 977 3731; x_wconf 90' lang='lat' dir='ltr'><strong>fames</strong></span> <span class='ocrx_word' id='word_1_201' title='bbox 1003 3668 1190 3730; x_wconf 89' lang='lat' dir='ltr'><strong>subsecuta</strong></span> <span class='ocrx_word' id='word_1_202' title='bbox 1205 3666 1312 3748; x_wconf 82' lang='lat' dir='ltr'><strong>vulgo</strong></span> <span class='ocrx_word' id='word_1_203' title='bbox 1333 3668 1381 3730; x_wconf 92' lang='lat' dir='ltr'><strong>ir-</strong></span> 
     </span>
    </p>
   </div>
   <div class='ocr_carea' id='block_1_3' title="bbox 422 3889 1385 4375">
    <p class='ocr_par' dir='ltr' id='par_1_3' title="bbox 422 3889 1385 4234">
     <span class='ocr_line' id='line_1_33' title="bbox 464 3889 1381 3958; baseline -0.005 -14"><span class='ocrx_word' id='word_1_204' title='bbox 464 3893 473 3925; x_wconf 90' lang='lat'><strong>¹</strong></span> <span class='ocrx_word' id='word_1_205' title='bbox 484 3893 586 3957; x_wconf 73' lang='lat' dir='ltr'><strong>Legata</strong></span> <span class='ocrx_word' id='word_1_206' title='bbox 594 3892 681 3958; x_wconf 82' lang='lat' dir='ltr'><strong>placiti</strong></span> <span class='ocrx_word' id='word_1_207' title='bbox 686 3893 810 3956; x_wconf 77' lang='lat' dir='ltr'><strong>judicium</strong></span> <span class='ocrx_word' id='word_1_208' title='bbox 821 3908 892 3957; x_wconf 85' lang='lat' dir='ltr'><strong>oppo-</strong></span> <span class='ocrx_word' id='word_1_209' title='bbox 917 3891 1033 3941; x_wconf 82' lang='lat' dir='ltr'><strong>secruted</strong></span> <span class='ocrx_word' id='word_1_210' title='bbox 1044 3891 1136 3951; x_wconf 86' lang='lat' dir='ltr'><strong>bisbop</strong></span> <span class='ocrx_word' id='word_1_211' title='bbox 1149 3890 1179 3939; x_wconf 91' lang='lat' dir='ltr'><strong>of</strong></span> <span class='ocrx_word' id='word_1_212' title='bbox 1191 3889 1308 3939; x_wconf 85' lang='lat' dir='ltr'><strong>Durbem</strong></span> <span class='ocrx_word' id='word_1_213' title='bbox 1320 3891 1381 3940; x_wconf 84' lang='lat' dir='ltr'><strong>Jan.</strong></span> 
     </span>
     <span class='ocr_line' id='line_1_34' title="bbox 428 3959 1385 4025; baseline -0.005 -11"><span class='ocrx_word' id='word_1_214' title='bbox 428 3964 500 4025; x_wconf 66' lang='lat' dir='ltr'><strong>suit]</strong></span> <span class='ocrx_word' id='word_1_215' title='bbox 520 3963 766 4013; x_wconf 79' lang='lat' dir='ltr'><strong>Walkeriusoffered</strong></span> <span class='ocrx_word' id='word_1_216' title='bbox 773 3968 800 4011; x_wconf 91' lang='lat' dir='ltr'><strong>to</strong></span> <span class='ocrx_word' id='word_1_217' title='bbox 810 3977 891 4024; x_wconf 83' lang='lat' dir='ltr'><strong>purge</strong></span> <span class='ocrx_word' id='word_1_218' title='bbox 918 3966 944 4023; x_wconf 72' lang='lat'><strong>3,</strong></span> <span class='ocrx_word' id='word_1_219' title='bbox 961 3965 1043 4022; x_wconf 73' lang='lat'><strong>1⁰82,</strong></span> <span class='ocrx_word' id='word_1_220' title='bbox 1050 3960 1111 4008; x_wconf 91' lang='lat' dir='ltr'><strong>held</strong></span> <span class='ocrx_word' id='word_1_221' title='bbox 1121 3959 1165 4009; x_wconf 82' lang='lat' dir='ltr'><strong>the</strong></span> <span class='ocrx_word' id='word_1_222' title='bbox 1179 3959 1250 4008; x_wconf 85' lang='lat' dir='ltr'><strong>office</strong></span> <span class='ocrx_word' id='word_1_223' title='bbox 1269 3959 1299 4007; x_wconf 87' lang='lat' dir='ltr'><strong>of</strong></span> <span class='ocrx_word' id='word_1_224' title='bbox 1314 3959 1385 4009; x_wconf 81' lang='lat' dir='ltr'><strong>chief</strong></span> 
     </span>
     <span class='ocr_line' id='line_1_35' title="bbox 428 4028 1381 4094; baseline -0.006 -12"><span class='ocrx_word' id='word_1_225' title='bbox 428 4032 533 4083; x_wconf 88' lang='lat' dir='ltr'><strong>himself</strong></span> <span class='ocrx_word' id='word_1_226' title='bbox 550 4034 585 4094; x_wconf 82' lang='lat' dir='ltr'><strong>by</strong></span> <span class='ocrx_word' id='word_1_227' title='bbox 604 4034 664 4082; x_wconf 84' lang='lat' dir='ltr'><strong>oath</strong></span> <span class='ocrx_word' id='word_1_228' title='bbox 679 4032 743 4081; x_wconf 88' lang='lat' dir='ltr'><strong>from</strong></span> <span class='ocrx_word' id='word_1_229' title='bbox 760 4033 796 4081; x_wconf 81' lang='lat' dir='ltr'><strong>ull</strong></span> <span class='ocrx_word' id='word_1_230' title='bbox 812 4032 890 4093; x_wconf 81' lang='lat' dir='ltr'><strong>purti-</strong></span> <span class='ocrx_word' id='word_1_231' title='bbox 911 4031 1007 4093; x_wconf 84' lang='lat' dir='ltr'><strong>justice</strong></span> <span class='ocrx_word' id='word_1_232' title='bbox 1016 4029 1045 4079; x_wconf 88' lang='lat' dir='ltr'><strong>of</strong></span> <span class='ocrx_word' id='word_1_233' title='bbox 1053 4030 1172 4091; x_wconf 76' lang='lat' dir='ltr'><strong>England</strong></span> <span class='ocrx_word' id='word_1_234' title='bbox 1179 4028 1381 4078; x_wconf 83' lang='lat' dir='ltr'><strong>underWilliam</strong></span> 
     </span>
     <span class='ocr_line' id='line_1_36' title="bbox 422 4098 1381 4167; baseline -0.005 -15"><span class='ocrx_word' id='word_1_235' title='bbox 422 4103 540 4165; x_wconf 83' lang='lat' dir='ltr'><strong>cipetion</strong></span> <span class='ocrx_word' id='word_1_236' title='bbox 561 4102 588 4149; x_wconf 90' lang='lat' dir='ltr'><strong>iu</strong></span> <span class='ocrx_word' id='word_1_237' title='bbox 608 4102 651 4149; x_wconf 90' lang='lat' dir='ltr'><strong>the</strong></span> <span class='ocrx_word' id='word_1_238' title='bbox 673 4102 784 4151; x_wconf 87' lang='lat' dir='ltr'><strong>murder.</strong></span> <span class='ocrx_word' id='word_1_239' title='bbox 810 4100 890 4167; x_wconf 78' lang='lat' dir='ltr'><strong>(llor.</strong></span> <span class='ocrx_word' id='word_1_240' title='bbox 915 4100 957 4148; x_wconf 85' lang='lat' dir='ltr'><strong>the</strong></span> <span class='ocrx_word' id='word_1_241' title='bbox 969 4100 1124 4159; x_wconf 85' lang='lat' dir='ltr'><strong>Conqueror.</strong></span> <span class='ocrx_word' id='word_1_242' title='bbox 1161 4099 1204 4147; x_wconf 87' lang='lat' dir='ltr'><strong>He</strong></span> <span class='ocrx_word' id='word_1_243' title='bbox 1220 4111 1276 4147; x_wconf 79' lang='lat' dir='ltr'><strong>was</strong></span> <span class='ocrx_word' id='word_1_244' title='bbox 1292 4098 1381 4147; x_wconf 85' lang='lat' dir='ltr'><strong>driven</strong></span> 
     </span>
     <span class='ocr_line' id='line_1_37' title="bbox 428 4166 1382 4234; baseline -0.003 -14"><span class='ocrx_word' id='word_1_245' title='bbox 428 4166 723 4234; x_wconf 81' lang='lat' dir='ltr'><strong>Wigorn.A.D.108⁰.)</strong></span> <span class='ocrx_word' id='word_1_246' title='bbox 914 4168 979 4218; x_wconf 88' lang='lat' dir='ltr'><strong>from</strong></span> <span class='ocrx_word' id='word_1_247' title='bbox 995 4168 1036 4217; x_wconf 81' lang='lat' dir='ltr'><strong>bis</strong></span> <span class='ocrx_word' id='word_1_248' title='bbox 1053 4182 1097 4217; x_wconf 82' lang='lat' dir='ltr'><strong>see</strong></span> <span class='ocrx_word' id='word_1_249' title='bbox 1115 4166 1155 4217; x_wconf 87' lang='lat' dir='ltr'><strong>for</strong></span> <span class='ocrx_word' id='word_1_250' title='bbox 1172 4183 1189 4217; x_wconf 84' lang='lat' dir='ltr'><strong>a</strong></span> <span class='ocrx_word' id='word_1_251' title='bbox 1206 4166 1382 4217; x_wconf 79' lang='lat' dir='ltr'><strong>considerable</strong></span> 
     </span>
    </p>

    <p class='ocr_par' dir='ltr' id='par_1_4' title="bbox 426 4236 1382 4375">
     <span class='ocr_line' id='line_1_38' title="bbox 463 4236 1382 4299; baseline -0.004 -10"><span class='ocrx_word' id='word_1_252' title='bbox 463 4237 711 4289; x_wconf 73' lang='lat' dir='ltr'><strong>&#39;Willelmuscbbue</strong></span> <span class='ocrx_word' id='word_1_253' title='bbox 727 4237 891 4293; x_wconf 81' lang='lat' dir='ltr'><strong>eoactiCcri·</strong></span> <span class='ocrx_word' id='word_1_254' title='bbox 913 4240 974 4287; x_wconf 89' lang='lat' dir='ltr'><strong>time</strong></span> <span class='ocrx_word' id='word_1_255' title='bbox 1003 4239 1038 4297; x_wconf 87' lang='lat' dir='ltr'><strong>by</strong></span> <span class='ocrx_word' id='word_1_256' title='bbox 1064 4237 1178 4286; x_wconf 84' lang='lat' dir='ltr'><strong>William</strong></span> <span class='ocrx_word' id='word_1_257' title='bbox 1205 4236 1301 4299; x_wconf 85' lang='lat' dir='ltr'><strong>Rufus,</strong></span> <span class='ocrx_word' id='word_1_258' title='bbox 1330 4236 1382 4292; x_wconf 81' lang='lat' dir='ltr'><strong>and</strong></span> 
     </span>
     <span class='ocr_line' id='line_1_39' title="bbox 426 4271 1168 4375; baseline 0 -16"><span class='ocrx_word' id='word_1_259' title='bbox 426 4309 658 4375; x_wconf 64' lang='lat' dir='ltr'><strong>apqwmamee</strong></span> <span class='ocrx_word' id='word_1_260' title='bbox 670 4271 1168 4371; x_wconf 61' lang='lat' dir='ltr'><strong>amrapho,00n-lueusm.c,1oss.</strong></span> 
     </span>
    </p>
   </div>
   <div class='ocr_carea' id='block_1_4' title="bbox 0 0 1576 5025">
    <p class='ocr_par' dir='ltr' id='par_1_5' title="bbox 0 0 1576 5025">
     <span class='ocr_line' id='line_1_40' title="bbox 0 0 1576 5025; baseline 0 0"><span class='ocrx_word' id='word_1_261' title='bbox 0 0 1576 5025; x_wconf 95' lang='lat' dir='ltr'><strong> </strong></span> 
     </span>
    </p>
   </div>
  </div>
 </body>
</html>
