3142 5025
420 507 487 576 534
641 527 755 578 onsrn
780 528 907 578 aucun
931 529 1148 578 nncuonun.
1221 515 1309 598 [mn.
1326 530 1375 579 ιν.

423 685 533 752 millia
554 684 805 754 itinerantium.
858 686 1047 770 Nunquam
1072 685 1300 770 proculdubio
1321 694 1376 753 tot

424 792 546 868 gentes
556 786 592 850 iu
603 805 707 850 unam
717 787 830 851 coiere
839 787 1069 867 sententiam
1085 805 1264 869 nunquam
1274 794 1375 853 tanta

424 886 602 950 barbaries
626 886 771 970 imperio
796 887 869 964 uni,
894 894 931 951 et
954 906 1043 970 pene
1068 886 1166 964 nulli,
1189 887 1375 951 cervicosi-

426 992 535 1050 tatem
560 986 751 1050 substravit
777 1004 886 1050 suam.
939 986 1160 1068 Praecipuum
1183 987 1273 1050 enim
1300 994 1376 1052 erat

426 1085 543 1152 videre
572 1085 788 1164 miraculum,
813 1105 892 1151 cnm
918 1093 990 1150 tam
1023 1084 1160 1150 infinita
1189 1085 1375 1150 multitudo

426 1183 553 1250 sensim
577 1205 639 1268 per
657 1192 767 1250 terras
785 1184 1074 1263 Christianorum,
1092 1191 1127 1248 et
1146 1205 1216 1249 uon
1239 1186 1376 1269 praeda·

426 1285 543 1350 bunda
572 1284 786 1369 procederet,
816 1294 853 1350 et
882 1305 952 1350 non
982 1292 1074 1349 esset
1097 1284 1159 1368 qui
1188 1293 1375 1352 coerceret.

428 1385 601 1450 Fervebat
634 1384 670 1448 in
701 1384 860 1452 omnibus
889 1385 1058 1450 alterutra
1091 1385 1243 1462 dilectio,
1275 1393 1316 1450 ut
1346 1386 1377 1449 si

426 1503 532 1569 penes
558 1483 708 1568 aliquem
736 1483 819 1566 quid
843 1492 1016 1568 repertum
1042 1492 1134 1550 esset
1155 1485 1248 1566 quod
1274 1504 1376 1548 suum

427 1603 496 1648 non
533 1603 609 1649 esse
632 1591 871 1666 cognosceret,
896 1603 959 1668 per
985 1583 1115 1648 multos
1146 1583 1220 1648 dies
1246 1585 1376 1667 passim

427 1682 683 1766 agnoscendum
705 1690 931 1768 proponeret:
955 1682 1302 1767 suspendebaturque
1323 1683 1376 1748 in·

427 1783 527 1847 terim
554 1782 745 1848 inventoris
779 1783 943 1861 aviditas,
969 1783 1052 1848 dum
1077 1783 1167 1849 forte
1196 1783 1289 1848 illius
1317 1785 1377 1868 qui

343 1957 349 1964 ,
425 1881 624 1967 perdiderat
641 1883 873 1966 corrigeretur
890 1876 1107 1949 ¹necessitas.

457 2074 688 2126 nuntiemus
714 2074 1020 2124 onmsrlsnonuns
1048 2074 1211 2124 l'l'lNllRlS
1237 2076 1346 2126 lllRU·

836 2174 965 2224 SALEM.

265 2293 296 2332 De
311 2295 382 2334 mua
477 2281 587 2366 ξ349.
611 2281 634 2347 J
637 2300 762 2364 amque
780 2281 970 2346 advenerat
984 2280 1259 2347 desiderantibus
1271 2251 1376 2346 ‘men-

263 2344 406 2442 iiieinfi'fb·
426 2381 474 2446 sis
500 2381 664 2459 Martius,
687 2381 840 2464 quando,
869 2387 1010 2446 senecta
1037 2380 1184 2446 brumali
1207 2382 1376 2465 deposita,

267 2445 323 2486 ww
427 2481 588 2560 mundus,
602 2481 736 2547 vernali
751 2482 901 2547 vestitus
918 2480 1079 2565 juventa,
1092 2481 1129 2545 in
1144 2481 1286 2564 plagam
1308 2481 1377 2545 ori-

428 2582 518 2647 entis
542 2583 653 2646 ituros
677 2582 869 2646 invitabat:
898 2601 961 2645 neo
989 2581 1040 2645 illi
1065 2600 1181 2645 moras
1212 2600 1377 2660 nexuere,

426 2688 547 2746 tantus
565 2680 668 2745 ardor
683 2680 818 2745 animos
828 2681 1017 2746 invaserat.
1063 2679 1286 2759 Godefridus,
1303 2680 1376 2745 dux

429 2780 733 2863 Lotharingorum,
767 2800 830 2864 per
858 2779 1078 2845 Pannoniam
1108 2779 1177 2843 iter
1200 2781 1376 2859 instituit,

428 2880 515 2945 nulli
530 2900 683 2963 unquam
701 2880 803 2945 militi
818 2879 948 2946 virtute
965 2880 1156 2959 secundus3
1174 2880 1216 2945 do
1233 2882 1378 2962 antiqua

430 2980 555 3044 Karoli
572 2979 689 3062 magni
706 2980 839 3061 origine
861 2979 988 3043 lineam
1004 2979 1157 3057 trahens,
1172 2987 1209 3045 et
1225 2979 1281 3043 cui
1296 3000 1376 3045 vere

428 3080 596 3161 plurimus
634 3079 746 3144 inerat
778 3078 932 3143 Karolus
960 3085 1033 3143 tam
1067 3081 1237 3161 sanguine
1270 3098 1376 3161 quam

428 3185 562 3243 mente:
597 3179 832 3261 sequebantur
856 3198 933 3243 eum
961 3178 1136 3255 Frisones,
1160 3178 1376 3261 Letharingi,

428 3277 598 3356 Saxones,
623 3285 658 3343 et
675 3278 839 3365 quicquid
858 3271 1033 3360 ²gentium
1059 3278 1151 3342 inter
1176 3277 1314 3343 Renum
1340 3284 1376 3343 et

427 3370 660 3442 ³Garumnam
683 3377 809 3441 fluvios
827 3377 934 3461 jacet.
987 3377 1058 3442 Per
1074 3377 1289 3442 Dalmatiam
1310 3378 1378 3442 iter

428 3478 541 3542 adorti
555 3470 794 3543 *Raimundus
818 3496 933 3541 comes
954 3476 997 3541 de
1017 3477 1146 3541 Sancto
1161 3477 1316 3561 AEgidio,
1341 3486 1375 3543 et

427 3575 592 3642 Aimarus
615 3576 718 3641 Podii
748 3576 945 3659 episcopus,
970 3595 1036 3659 par
1062 3577 1199 3660 insigne
1226 3577 1378 3658 virtutis,

427 3677 492 3763 viri
513 3676 617 3741 armis
634 3676 670 3740 in
688 3675 819 3753 hostes,
839 3676 970 3760 pietate
994 3676 1030 3739 in
1046 3676 1160 3739 Deum
1183 3676 1376 3759 splendidi:

462 3890 893 3957 ¹Necesritas.]‘Howeve1-repug·
918 3885 988 3953 417.)
1012 3890 1060 3939 See
1080 3889 1148 3940 Note
1170 3899 1181 3926 ¹
1203 3890 1229 3938 in
1250 3890 1381 3953 Bouquet,

427 3968 488 4012 nant
504 3963 555 4013 this
574 3962 772 4025 representation
791 3976 851 4023 may
862 3963 892 4010 be
917 3973 975 4009 xur.
987 3964 1012 4009 l.

427 4038 453 4082 to
475 4033 518 4081 the
542 4033 671 4095 generally
694 4031 811 4081 received
837 4032 893 4093 opi·
951 4028 1112 4092 ²Gerrtr'aoa]
1135 4027 1211 4079 AS.
1230 4030 1260 4079 C.
1273 4028 1307 4080 D.
1320 4028 1378 4080 Ea.

427 4103 495 4163 bion,
506 4103 526 4150 it
536 4103 559 4151 is
570 4102 625 4151 that
636 4101 664 4151 ol
672 4116 704 4151 an
716 4101 892 4163 eye-witness,
916 4100 964 4159 L.;
980 4100 1085 4147 omitted
1096 4100 1123 4146 in
1137 4099 1191 4149 El.

427 4172 502 4219 when
521 4172 667 4235 deseribing
688 4171 730 4221 the
753 4184 824 4233 anny
849 4184 890 4219 ss·
950 4166 1146 4231 'Goramncmq
1170 4168 1196 4217 It
1213 4167 1305 4218 sbould
1322 4182 1380 4230 per·

427 4240 538 4289 sembled
555 4245 582 4290 et
593 4240 808 4301 Constantinople.
830 4240 891 4288 Ful·
902 4267 904 4314 q
916 4238 980 4300 baps
991 4239 1023 4287 be
1034 4237 1076 4287 tbe
1089 4238 1162 4287 Elbo.

427 4310 496 4359 cher.
514 4310 615 4359 Carnot.
634 4326 660 4371 p.
679 4310 745 4359 ³89!
773 4308 891 4375 (Struma,
950 4305 1147 4367 ⁴Rctmnndas.]
1163 4307 1210 4355 See
1221 4310 1287 4368 post,
1299 4307 1379 4369 §bilta
