3142 5025
428 507 495 572 olo
643 522 756 570 onsrs
779 520 907 568 arcun
931 519 1146 569 sucnoauu.
1228 504 1313 586 [ms.
1330 519 1381 568 1v.

268 697 414 740 meu·
430 678 624 743 habiturus.
677 677 771 741 Nam
785 676 993 759 promiserat
1010 676 1079 740 ista
1099 695 1176 754 rex,
1192 695 1261 740 nou
1277 676 1381 740 datu·

267 749 292 786 of
298 748 353 786 llor-

268 798 355 846 Μαι.

268 2336 355 2375 many.

429 797 489 842 rus
502 797 511 856 3
526 778 599 854 sed,
610 776 728 840 fratris
743 775 947 840 facilitatem
959 794 1027 839 uon
1039 777 1208 852 nesciens,
1218 774 1381 839 blandam

430 877 669 941 credulitatem
696 875 828 940 luserat
845 875 927 938 dum
951 875 1090 938 interim
1113 876 1209 939 calor
1234 873 1379 938 bellicus

429 975 691 1040 defervesceret.
733 974 843 1038 Porro
856 975 929 1051 ille,
942 975 1044 1057 quasi
1059 993 1138 1038 cum
1150 975 1291 1038 fortuna
1306 993 1378 1036 cer-

430 1081 522 1139 taret
540 1081 657 1138 utrum
681 1073 761 1155 plus
781 1073 844 1137 illa
866 1074 965 1138 daret
989 1092 1035 1136 au
1057 1073 1132 1154 ipse
1153 1073 1379 1155 dispergeret,

430 1174 506 1238 sola
513 1173 694 1237 voluntate
708 1173 837 1255 reginae
850 1173 957 1236 tacite
968 1172 1178 1255 postulantis
1189 1179 1378 1254 comperta,

430 1279 567 1336 tantam
591 1291 742 1336 massam
764 1273 900 1354 argenti
923 1271 1093 1352 benignus
1115 1271 1151 1334 iu
1173 1279 1377 1354 perpetuum

430 1371 585 1453 ignovit;
602 1373 751 1436 acclines
762 1370 1165 1452 foemineifastnspreces
1176 1389 1240 1452 pro
1250 1389 1378 1451 magno

429 1471 664 1534 exosculatus.
708 1471 796 1534 Erat
811 1471 902 1533 euim
918 1470 994 1553 ejus
1008 1471 1046 1533 in
1059 1470 1233 1552 baptismo
1255 1469 1374 1545 filiola,

430 1569 637 1633 offensarum
652 1569 759 1650 igitur
775 1578 851 1633 erat
865 1570 1063 1648 immemor3
1087 1569 1277 1650 culparum,
1291 1586 1377 1649 qua-

430 1675 532 1732 tenus
559 1687 638 1732 non·
655 1668 768 1741 debet,
796 1669 980 1747 remissor3
1018 1669 1177 1732 omnibns
1204 1687 1267 1749 pro
1293 1675 1377 1732 voto

430 1767 643 1850 respondens
667 1767 887 1844 adeuntibus,
903 1787 946 1830 ne
967 1767 1085 1831 tristes
1107 1767 1316 1844 dimitteret;
1340 1773 1376 1830 et

430 1867 524 1948 quod
538 1866 621 1929 dare
640 1886 711 1930 non
730 1874 860 1950 posset,
879 1859 1148 1949 ¹repromittens.
1201 1864 1282 1942 Qua
1303 1884 1377 1929 mo-

430 1985 506 2028 rum
519 1965 711 2043 dulcedine,
725 1966 785 2047 qui
807 1965 942 2029 laudari
965 1973 1001 2028 et
1023 1965 1257 2048 subjectorum
1279 1982 1375 2028 amo-

362 2109 366 2112 -
430 2084 502 2128 rem
527 2065 672 2128 mercari
693 2065 871 2142 debuerat,
892 2065 979 2128 adeo
1001 2065 1038 2127 in
1064 2072 1298 2145 contemptum
1322 2065 1377 2128 sui

431 2163 655 2227 Normannos
668 2165 809 2228 exacuit
822 2172 862 2228 ut
881 2164 1009 2227 nullius
1024 2183 1103 2226 eum
1116 2164 1279 2226 momenti
1292 2156 1377 2226 ²aes-

268 2276 417 2365 tutgotba·
430 2264 604 2327 timerent.
655 2262 755 2328 Tunc
767 2263 858 2327 enim
874 2269 1056 2345 potentum
1073 2263 1219 2344 quisque
1233 2263 1299 2325 sibi
1315 2263 1376 2325 ad-

429 2364 573 2440 versari,
592 2355 694 2427 ³tunc
716 2363 889 2426 manubiae
906 2362 1102 2444 praedarum
1115 2381 1177 2444 per
1190 2368 1300 2426 totam
1322 2381 1377 2424 re-

430 2461 567 2544 gionem
583 2462 653 2547 agi,
666 2469 751 2527 tuuc
767 2461 895 2544 vulgus
912 2461 1094 2545 expoliari.
1134 2459 1232 2538 Quas
1246 2460 1377 2525 incom-

428 2562 613 2626 moditates
628 2562 746 2626 comiti
768 2561 998 2644 provinciales
1017 2561 1223 2637 deferentes,
1242 2560 1377 2624 nullum
1397 2640 1401 2651 Ι

428 2661 623 2726 referebant
645 2661 836 2740 auxilium;
859 2661 941 2723 dum
961 2660 1020 2724 ille
1041 2662 1152 2741 primo
1173 2666 1377 2736 commotus,

428 2780 511 2824 mox
525 2761 582 2825 vel
596 2760 823 2836 munusculis,
840 2760 896 2823 vel
921 2761 1085 2843 temporis
1111 2759 1301 2822 intercessu
1322 2759 1376 2822 ira

427 2860 685 2941 languescente,
706 2860 911 2923 leniebatur.
957 2858 1100 2935 Iccirco,
1115 2859 1279 2921 extremis
1304 2878 1374 2921 ma·

428 2957 472 3022 lis
489 2959 668 3035 admoniti,
687 2979 788 3041 opem
806 2959 898 3039 regis
916 2957 1060 3021 Heurici
1075 2978 1239 3022 censuere
1252 2958 1375 3039 impio·

429 3057 585 3134 randam,
613 3064 653 3120 ut
674 3057 848 3122 laboranti
875 3058 999 3141 patriae
1021 3064 1248 3121 succurreret.
1308 3056 1375 3120 Ille

428 3149 656 3220 *Caesarianae
682 3158 865 3221 sententiae
889 3158 1068 3233 assistens,
1092 3156 1152 3219 ‘Si
1174 3156 1375 3219 violandum

429 3262 483 3320 est
492 3256 565 3339 jus,
582 3256 697 3339 gratia
711 3257 838 3319 civium
854 3256 1054 3319 violandum
1071 3262 1145 3333 est;
1168 3256 1246 3318 aliis
1269 3256 1373 3318 rebus

429 3354 594 3437 pietatem
617 3356 736 3432 colas,'
749 3375 819 3420 non
842 3355 947 3418 semel
969 3356 1005 3418 in
1019 3355 1270 3419 Normanniam
1285 3354 1378 3418 vires

429 3454 579 3537 trajecit,
595 3460 634 3518 ut
648 3455 820 3517 laboranti
832 3453 979 3537 justitiae
995 3474 1134 3517 manum
1152 3453 1273 3517 daret:
1297 3460 1376 3516 tan-

429 3561 571 3635 tumque
585 3560 760 3635 postremo
776 3553 900 3630 valuit,
915 3560 955 3618 ut
970 3560 1079 3617 totam
1093 3559 1233 3629 terram,
1248 3559 1376 3635 praeter

430 3652 678 3733 Rotomagum,
692 3659 729 3717 et
746 3652 933 3729 Falesium,
946 3659 981 3716 et
995 3651 1197 3728 Cadomum,
1209 3652 1377 3735 subjuga·

428 3760 492 3816 ret.
544 3751 696 3835 Jamque
728 3752 771 3815 ad
801 3750 867 3815 hoc
897 3751 1074 3815 Robertus
1097 3758 1252 3827 venerat,
1277 3752 1376 3814 utin

428 3852 515 3914 vicis
544 3852 614 3915 illis
642 3871 729 3933 pene
757 3870 795 3915 se
823 3851 933 3915 altero
950 3859 1149 3933 vagaretur,
1181 3850 1377 3932 precarium

461 4081 471 4114 ¹
482 4084 683 4148 Repromitteaa]
700 4086 735 4134 D.
751 4088 783 4137 Ε.
794 4102 802 4148 ;
820 4102 887 4136 com·
948 4083 959 4113 ³
971 4087 1059 4150 Taua]
1068 4085 1224 4149 l.s.c.1..;
1236 4084 1341 4135 omitted
1349 4086 1376 4134 in

425 4155 582 4215 promittens,
591 4152 625 4203 A.
638 4153 666 4203 S.
680 4155 709 4203 G.
722 4156 753 4205 L.
913 4154 948 4204 D.
960 4157 993 4205 F..

460 4220 661 4286 mariaeerat]
673 4222 742 4274 ΑΒ.
751 4227 781 4275 G.
788 4226 823 4277 D.
833 4226 887 4273 Ei.
947 4223 958 4255 ⁴
971 4225 1118 4273 Goesuriuaoe
1133 4218 1282 4292 sententia]
1303 4225 1378 4273 Com-

338 4348 341 4353 ·
426 4292 457 4341 1..
466 4305 476 4353 3
494 4293 657 4354 estimarent,
668 4294 692 4341 E
702 4298 724 4343 1.
913 4295 1078 4358 pareCicero,
1085 4295 1126 4343 De
1133 4294 1198 4343 Ollio
1212 4294 1377 4345 lib.111.c.2l.
