3142 5025
279 694 415 745 ltmpltulo·

279 746 426 837 σιτιοὲἒιωι-

280 846 366 887 mere
355 857 423 888 emo·

280 896 338 936 duct.

438 506 507 572 ⁷6⁰
729 516 904 570 nrsrotul
926 518 1103 568 novumn
1233 504 1321 587 [ma
1338 517 1393 567 111.

441 678 510 744 Sed
527 678 712 744 noluerunt
728 678 889 744 assentiri
911 678 1068 755 comites,
1082 686 1117 743 et
1133 678 1193 743 alii
1210 678 1271 763 qui
1293 697 1395 758 rega·

441 779 527 843 lium
541 780 692 863 partium
706 787 828 859 erant3
851 798 968 861 regem
983 779 1120 861 quidem
1134 778 1274 842 liberari
1296 778 1394 859 cupi-

442 885 554 958 entes,
579 878 641 942 sed
664 878 752 942 citra
776 896 860 942 suas
880 879 918 942 in
939 879 1094 960 pecumae
1117 877 1303 942 amissione
1314 877 1393 961 jac-

442 985 562 1043 toras:
585 997 665 1041 nam
688 985 724 1042 et
741 976 954 1041 Gillebertus
976 996 1091 1041 comes
1106 977 1321 1041 Willelmum
1347 976 1392 1039 de

443 1076 642 1154 Salesbiria,
652 1075 850 1142 Willelmus
867 1076 910 1140 de
929 1075 1014 1159 Ipra
1031 1076 1244 1141 Hunfridum
1264 1076 1307 1140 de
1323 1076 1394 1139 Bo·

442 1175 528 1253 buu,
551 1184 587 1240 et
608 1175 767 1241 nonnulli
790 1176 850 1239 alii
873 1194 962 1258 quos
985 1182 1184 1258 potuerant,
1199 1175 1393 1240 Wintoniae

443 1283 620 1358 ceperant,
644 1274 763 1340 multis
794 1275 830 1340 in
858 1294 977 1340 eorum
1007 1275 1241 1363 redemptione
1265 1276 1392 1340 marcis

443 1375 629 1441 inhiantes.

444 1564 619 1623 QUOMODO
644 1563 846 1615 muttum
870 1563 935 1612 nst
958 1564 1120 1613 colunum
1143 1564 1384 1613 omsscssnam

586 1663 693 1713 Possm
715 1664 883 1712 lustinum
907 1664 946 1713 ΙΝ
969 1664 1108 1713 PARTES
1132 1664 1252 1712 Rudis.

494 1773 513 1856 §
529 1772 582 1837 ⁵9.
607 1772 734 1856 Itaque
748 1772 819 1836 alia
835 1772 894 1835 via
915 1772 1076 1836 comitem
1099 1770 1227 1848 adorsi,
1243 1771 1390 1853 promis·

442 1871 492 1935 sis
508 1872 719 1955 ingentibus,
734 1873 765 1936 si
779 1872 869 1936 sorte
883 1877 1039 1953 possent,
1047 1870 1178 1936 illicere
1194 1872 1389 1953 cupiebant

444 1970 670 2047 Concederet,
686 1990 804 2035 sorore
821 1970 974 2048 dimissa,
987 1971 1023 2034 in
1042 1978 1159 2052 partes
1172 1970 1277 2053 regie,
1294 1969 1392 2034 babi-

443 2078 544 2135 turos
560 2070 705 2153 proinde
721 2071 830 2134 totius
853 2077 956 2134 terrae
977 2069 1203 2148 dominatum,
1218 2076 1259 2132 ut
1273 2069 1317 2132 ad
1338 2070 1393 2152 ip-

442 2169 516 2234 sius
532 2170 710 2234 arbitrium
727 2170 916 2253 penderent
932 2170 1068 2248 omnia;
1092 2177 1253 2252 essetque
1267 2170 1304 2233 in
1318 2170 1395 2233 sola

443 2288 573 2334 corona
593 2288 675 2350 rege
701 2268 855 2346 inferior,
881 2269 1017 2332 caeteris
1039 2270 1198 2333 omnibus
1219 2288 1283 2351 pro
1302 2269 1393 2334 velle

442 2370 712 2452 principaturus.
757 2368 903 2451 Repulit
916 2387 1031 2432 comes
1044 2369 1231 2432 immensas
1245 2370 1395 2450 promis-

443 2468 560 2534 siones
582 2468 796 2535 memorabili
814 2469 1099 2560 responso,·quod
1121 2468 1307 2553 posteritas
1330 2488 1392 2534 au·

443 2568 517 2633 diat
540 2577 576 2634 et
595 2571 739 2634 miretur
753 2569 856 2635 volo:
884 2568 989 2633 ‘Non
1009 2570 1109 2647 sum,'
1123 2568 1247 2651 inquit,
1261 2574 1392 2647 ‘meus

444 2667 506 2731 sed
521 2669 626 2733 alieni
635 2668 749 2753 jurist
774 2688 854 2732 cum
876 2687 963 2732 meae
981 2670 1167 2750 potestatis
1189 2687 1243 2731 me
1259 2669 1391 2747 videro,

445 2767 609 2851 quicquid
633 2769 724 2833 ratio
745 2770 789 2832 de
819 2787 857 2832 re
882 2787 986 2850 quam
1011 2768 1173 2850 allegatis
1196 2768 1394 2848 dictaverit,

444 2866 617 2931 facturum
632 2887 687 2932 me
701 2866 928 2950 respondeo),

482 2965 563 3048 §ou
575 2966 666 3030 Tum
675 2967 727 3030 illi
737 2965 978 3031 concitatiores
990 2973 1025 3030 et
1033 2964 1189 3032 nonnihil
1199 2967 1297 3045 moti,
1312 2987 1392 3032 cum

441 3063 619 3128 blanditiis
634 3065 720 3130 nibil
733 3072 986 3148 promoverent,
1004 3065 1116 3130 minas
1133 3066 1305 3131 intentare
1318 3086 1391 3132 coe-

441 3169 581 3245 perunt,
595 3166 687 3248 quod
702 3185 781 3230 eum
796 3165 889 3230 ultre
905 3184 999 3229 mare
1012 3165 1049 3227 in
1067 3163 1258 3230 Bononiam
1274 3167 1391 3232 mitte·

442 3271 532 3342 rent,
554 3260 730 3349 perpetuis
744 3265 893 3330 vinculis
917 3283 1028 3349 usque
1053 3263 1097 3328 ad
1121 3273 1267 3329 mortem
1289 3267 1390 3330 inno-

440 3363 605 3428 dandum.
657 3365 844 3430 Enimvero
858 3365 929 3443 ille,
940 3365 1053 3429 minas
1069 3383 1190 3428 sereno
1203 3364 1304 3429 vultu
1319 3366 1391 3430 dis-

440 3463 592 3541 solvens,
622 3465 708 3529 nibil
737 3465 852 3529 minus
878 3483 916 3528 se
943 3464 1064 3528 timere
1088 3469 1302 3546 protestatus
1335 3473 1391 3528 est

440 3570 643 3628 constanter
656 3572 693 3629 et
708 3582 810 3629 vere:
833 3562 1028 3628 confidebat
1049 3563 1140 3629 enim
1157 3562 1192 3626 in
1206 3565 1390 3645 magnani-

440 3663 562 3728 mitate
585 3663 784 3739 comitissae,
799 3662 920 3727 uxoris
936 3681 1010 3726 suae
1028 3656 1187 3740 ¹scilicet,
1202 3669 1238 3726 et
1254 3664 1389 3728 animo-

439 3761 544 3827 sitate
572 3781 726 3842 suorum,
750 3762 954 3845 quistatim
979 3781 1095 3844 regem
1119 3761 1157 3824 in
1181 3761 1389 3826 Hiberniam

438 3861 628 3940 mitterent,
652 3865 683 3928 si
705 3863 789 3946 qnid
811 3881 992 3945 perperam
1012 3861 1048 3924 in
1071 3861 1231 3926 comitem
1255 3862 1388 3927 sactum

437 3961 626 4026 audissent.

488 4059 572 4144 561.
596 4059 751 4125 Transiit
772 4060 809 4124 in
830 4060 885 4124 bis
899 4061 1038 4139 mensis,
1055 4067 1164 4126 tante
1187 4061 1288 4127 molis
1310 4071 1389 4129 erat

640 4307 784 4373 medea]
804 4311 835 4361 u.
849 4327 856 4371 ;
868 4311 978 4368 omiued
989 4312 1015 4360 m
1027 4313 1056 4362 s.
1069 4314 1104 4361 o.
1117 4312 1170 4362 na.
