3142 5025
388 486 455 552 624
610 501 725 550 cnsru
748 502 876 552 ancuu
899 501 1119 551 succorum·
1205 486 1291 568 [urs.
1309 503 1343 550 v.

229 731 370 779 mm„
443 657 553 742 §398.
578 658 629 722 Hi
650 678 734 740 ergo
756 658 838 736 duo,
861 658 1051 722 factionum
1077 657 1206 739 capita,
1232 655 1342 721 rebel·

230 782 277 819 usn
291 780 315 819 οι
327 750 380 818 nor?
392 757 523 822 lionum
537 758 724 836 incentiva,
737 778 817 822 cum
835 758 912 821 aliis
928 776 1015 839 quos
1030 757 1210 820 nominare
1223 758 1342 840 pudet,

227 830 314 919 'di'd''
323 829 380 870 Μ’·
392 859 542 941 patriam
556 858 837 940 populationibus
850 858 923 920 late
939 857 1203 921 contristabant.
1250 855 1342 920 Con·

393 958 685 1039 sumebanturque
705 956 915 1038 frequentes
944 956 1005 1020 sed
1036 974 1145 1019 cassae
1168 954 1261 1037 apud
1284 973 1343 1018 co·

392 1057 511 1121 mitem
535 1055 685 1138 querelae
717 1055 982 1139 provincialium
1007 1053 1050 1118 de
1078 1054 1243 1120 violentia
1270 1055 1343 1118 cla·

394 1157 586 1220 muntium:
617 1157 822 1220 movebatur
853 1154 907 1217 his
931 1154 1012 1233 ille3
1047 1154 1108 1217 sed
1138 1155 1241 1217 rebus
1270 1154 1342 1217 suis

394 1256 533 1333 timens,
554 1274 598 1318 ne
623 1255 823 1319 exacerbati
847 1253 922 1337 ejus
945 1252 1197 1334 interpolarent
1222 1253 1343 1331 otium,

394 1354 646 1418 dissimulabat.
696 1352 748 1418 At
761 1372 846 1418 vero
859 1373 923 1416 rex
943 1352 1129 1428 Henricus,
1146 1372 1210 1434 pro
1225 1351 1343 1416 fratris

393 1454 549 1531 infamia,
558 1474 662 1537 qnam
675 1453 875 1517 cumulabat
887 1453 1009 1534 patriae
1026 1452 1175 1528 miseria,
1190 1451 1344 1515 dolorem

395 1559 631 1616 transeuntem
654 1553 743 1616 serre
770 1553 954 1634 nequibat:
990 1550 1127 1617 crudele
1158 1557 1193 1614 et
1217 1569 1239 1614 a
1262 1551 1345 1614 boni

395 1652 562 1734 principis
575 1650 686 1716 officio
703 1651 807 1732 longe
823 1669 899 1714 esse
916 1669 1130 1732 permensus,
1140 1649 1231 1733 quod
1247 1650 1345 1732 impii

395 1751 552 1818 homines
560 1770 750 1833 pauperum
761 1750 910 1814 fortunis
919 1750 1107 1831 ingluviem
1121 1769 1220 1813 suam
1230 1743 1344 1830 ¹urge-

395 1851 493 1915 bant.
546 1850 672 1931 Itaque
689 1849 831 1913 fratrem
846 1849 890 1912 ad
905 1869 943 1912 se
960 1851 1108 1913 accitum
1125 1850 1162 1912 in
1177 1847 1344 1930 Angliam

396 1949 502 2013 semel
526 1949 652 2012 blande
675 1949 802 2026 verbis,
830 1956 910 2030 post
924 1968 1007 2013 vero
1031 1949 1067 2012 in
1094 1947 1345 2012 Normanniam

397 2049 540 2114 veniens
564 2069 634 2113 non
656 2049 762 2112 semel
781 2049 865 2112 dure
891 2047 1003 2126 hallia,
1022 2047 1203 2112 admonuit
1224 2055 1263 2111 ut
1286 2067 1344 2111 co-

397 2148 528 2226 mitem,
545 2169 615 2212 non
632 2147 849 2224 monachum,
864 2155 1003 2229 ageret3
1027 2167 1108 2210 nam
1127 2153 1163 2210 et
1177 2147 1345 2211 incentori

397 2247 574 2312 Willelmo
590 2249 706 2312 omnia
721 2267 800 2331 quae
815 2247 967 2310 habebat
984 2247 1022 2310 in
1036 2244 1168 2328 Anglia
1190 2247 1346 2326 abstulit,

398 2347 542 2411 castella
571 2347 615 2410 ad
644 2347 755 2411 solum
785 2346 1056 2429 complanavit.
1092 2345 1160 2409 Sed
1192 2365 1270 2410 cum
1302 2346 1346 2410 ad

400 2466 521 2529 pacem
547 2446 632 2510 nihil
656 2439 886 2529 promoveret,
912 2446 971 2510 diu
996 2444 1242 2510 deliberatione
1263 2466 1346 2510 con.-

401 2546 470 2610 silii
482 2547 579 2629 regia
594 2547 787 2611 sublimitas
803 2548 895 2610 curis
908 2554 1029 2628 pectus
1049 2547 1216 2624 exercuit,
1231 2552 1347 2609 utrum

400 2645 562 2710 fraternae
578 2646 841 2710 necessitudinis
856 2646 984 2710 oblitus
1000 2646 1147 2728 patriam
1159 2645 1347 2709 discrimini

400 2745 559 2827 eriperet,
585 2765 631 2810 an
644 2738 850 2810 ²indiscreta
872 2746 1003 2828 pietate
1020 2744 1188 2808 fluctuare
1209 2746 1348 2827 permit-

402 2851 511 2909 teret:
531 2853 567 2909 et
578 2844 733 2927 profecto
747 2865 926 2909 commune
943 2844 1158 2908 commodum
1175 2852 1210 2908 et
1224 2845 1348 2927 pietas,

400 2946 547 3027 privatae
558 2945 821 3008 necessitudinis
830 2945 971 3020 intuitu,
981 2951 1081 3025 terga
1089 2943 1349 3020 dedissent,nisi

350 3118 352 3122 ¹
401 3037 477 3127 (³ut
496 3040 612 3128 aiunt)
627 3043 808 3108 Paschalis
830 3043 1040 3126 apostolicus
1062 3044 1277 3107 dubitantem
1304 3044 1348 3107 ad

400 3142 467 3206 hoc
479 3161 566 3224 opus
577 3144 732 3225 epistolis
743 3144 1180 3226 impelleret3asseverans‚
1188 3141 1351 3207 facundia

402 3260 472 3324 qua
487 3244 641 3325 vigebat,
654 3263 723 3307 non
738 3243 812 3307 fore
828 3243 929 3307 civile
946 3242 1085 3321 bellum,
1103 3242 1163 3307 sed
1183 3242 1350 3325 praeclare

434 3517 863 3587 ¹Urgebuat.]00mpareMalmes.
888 3524 996 3575 brother.
1043 3522 1086 3572 He
1104 3523 1205 3571 writes:
1233 3523 1352 3585 ‘Signifi-

400 3592 433 3643 de
445 3594 533 3644 Gestis
544 3595 662 3645 Pontific.
672 3596 717 3643 lib.
729 3606 747 3643 1.
760 3609 786 3655 p.
799 3598 863 3655 22⁷3
888 3607 975 3642 camus
997 3592 1126 3641 dilectioni
1142 3597 1204 3653 tuae,
1227 3593 1352 3641 Norman-

400 3663 590 3714 editFrancoi.
603 3667 676 3714 16⁰1.
888 3678 976 3712 norum
999 3662 1113 3711 comitem
1136 3666 1253 3723 questum
1280 3663 1351 3724 apud

384 3796 386 3799 Α
436 3730 616 3797 ²Iadiscretu.]
629 3735 660 3784 C.
672 3734 707 3783 D.
719 3734 749 3783 Ε.
761 3732 793 3783 L.
800 3746 809 3793 ;
827 3732 863 3780 in·
888 3746 1005 3781 neeesse
1022 3732 1145 3781 adversus
1155 3732 1296 3794 Anglorum
1313 3746 1353 3782 re·

401 3804 545 3865 discretam,
553 3803 582 3852 S.
890 3817 956 3865 gem,
967 3803 1028 3864 quia
1044 3806 1079 3862 et,
1096 3802 1176 3851 fracto
1194 3806 1351 3851 sacramento

437 3870 448 3900 ³
458 3874 493 3922 Ut
499 3868 594 3940 uiuat]
605 3872 687 3922 There
697 3873 720 3921 is
727 3886 760 3920 no
767 3872 865 3934 vestiga
890 3874 958 3933 quod
968 3872 993 3921 ei
1003 3885 1049 3933 pro
1067 3873 1155 3920 eodem
1172 3886 1250 3933 regno
1264 3873 1353 3933 acqui-

401 3942 430 3991 οἱ
445 3942 497 3991 this
515 3942 672 3991 exhortation
688 3942 715 3991 in
732 3957 782 4003 any
792 3943 866 3991 letter
889 3941 966 3991 rende
982 3941 1087 4002 fecerat,
1100 3956 1205 4003 regnum
1222 3942 1352 3991 invaserit.

402 4011 431 4061 ol
447 4013 519 4073 Pope
530 4012 642 4061 Paschal
656 4018 682 4061 to
693 4013 763 4074 King
775 4012 865 4073 Henry
890 4012 924 4060 Et
942 4012 1007 4061 nosti
1026 4012 1088 4071 quia
1105 4012 1187 4059 eidem
1204 4012 1290 4060 comiti
1308 4011 1353 4061 de·

401 4096 460 4130 now
480 4082 583 4130 known.
624 4082 722 4131 Indeed
744 4082 865 4143 Paschal,
889 4082 977 4131 bemus
1000 4080 1135 4138 auxilium,
1155 4095 1201 4142 pro
1222 4082 1353 4130 laboribus

401 4152 504 4213 writing
525 4156 550 4199 to
572 4151 732 4212 Archbishop
750 4152 866 4211 AnseIm,
890 4166 953 4213 quos
970 4152 997 4199 iu
1008 4150 1113 4199 Asianae
1128 4151 1244 4199 ecclesiae
1261 4151 1354 4200 libera·

402 4220 866 4281 enjoinshimtoeffectareconcilia·
890 4222 957 4271 tione
978 4220 1120 4282 laboravit:
1142 4221 1188 4270 &a
1225 4220 1353 4286 (Anselmi

402 4289 455 4340 tion
475 4289 590 4339 between
612 4290 654 4340 the
676 4292 740 4352 king
758 4291 808 4339 and
825 4291 865 4340 his
890 4291 942 4353 Op.
953 4306 1010 4341 nov.
1022 4288 1083 4339 edit.
1095 4306 1121 4351 p.
1134 4294 1191 4353 382,
1202 4290 1250 4342 col.
1262 4287 1299 4354 2.)
