3142 5025
224 519 363 601 mnu]
448 539 561 589 cesus
588 541 715 591 nncun
739 543 956 593 successu.
1108 530 1175 596 67⁷

222 695 356 776 grando
381 699 549 780 percellit,
581 707 770 783 raptusque
803 701 840 765 in
863 700 1023 764 manibus
1051 720 1170 766 eorum

222 796 323 881 rivus
348 797 460 862 adhuc
485 800 521 862 in
545 802 797 884 presbyterium
820 808 902 865 ante
924 800 1035 863 altare
1056 804 1169 867 sancti

222 894 401 961 Pancratii
416 898 576 963 defertur.
632 900 699 964 Ubi
715 900 916 983 aliquandiu
929 901 1167 983 supervivens,

220 1014 320 1060 roseo
333 996 443 1062 'faciei
464 1000 588 1063 rubore
612 1000 742 1077 suavis
762 1001 882 1066 eadem
900 1000 967 1064 diei
994 999 1168 1083 horaque

219 1096 420 1178 purgandus
441 1097 636 1163 infirmatus
668 1107 734 1175 est,
767 1101 940 1165 cariturus
970 1101 1168 1182 perenniter

220 1197 312 1259 omni
342 1197 447 1274 malo,
475 1217 582 1281 purus
611 1200 775 1281 migravit
807 1199 852 1262 ad
879 1199 1066 1264 Christum.
1119 1201 1166 1266 Et

218 1295 299 1359 vide
324 1290 732 1379 quam¹mirabi1iterin
764 1319 806 1363 oo
834 1306 959 1363 cuncta
982 1318 1164 1365 concurre·

217 1402 317 1460 runt:
344 1397 462 1479 passio
489 1398 580 1462 servi
604 1417 682 1461 cum
709 1398 869 1481 passione
893 1399 1054 1478 Domini3
1079 1398 1164 1464 bora

217 1494 413 1578 incipientis
426 1497 649 1576 infirmitatis,
660 1518 739 1562 oum
750 1497 836 1562 hora
850 1498 1046 1581 incipientis
1064 1506 1163 1563 eeter-

217 1614 273 1659 nae
297 1598 440 1678 salutis3
463 1599 617 1681 quinque
638 1598 711 1662 dies
726 1617 814 1681 quos
837 1598 1003 1663 sustinuit
1019 1600 1163 1680 aegritu·

217 1693 319 1772 dinis,
334 1698 448 1779 quinis
463 1698 617 1781 corporis
630 1698 801 1777 sensibus,
818 1698 945 1780 quibus
962 1717 1062 1762 nemo
1072 1699 1162 1765 vitat

215 1782 407 1876 peccatum,
429 1797 667 1862 emundandis.
719 1798 830 1863 Porro
852 1798 943 1880 quod
963 1796 1085 1881 quinto
1106 1797 1162 1864 die

215 1894 359 1959 necdum
373 1903 550 1962 transacto
564 1898 723 1976 decessit,
736 1906 776 1963 ut
789 1891 934 1973 'remum
954 1897 1069 1961 innuit
1083 1918 1161 1962 eum

216 1993 252 2056 in
265 1994 388 2060 ultimo
403 2016 518 2076 sensu,
532 1998 594 2081 qui
609 2004 725 2062 tactus
741 1996 880 2075 dicitur,
895 2017 965 2062 non
976 1997 1160 2080 perfecisse

214 2102 406 2175 peccatum.
457 2098 578 2162 Tertia
595 2116 678 2161 vero
704 2095 773 2161 diei
796 2097 894 2173 hore,
912 2115 984 2179 qua
1007 2104 1043 2161 et
1064 2096 1160 2162 infir-

214 2201 329 2258 matus
355 2204 409 2261 est
438 2204 473 2261 et
501 2196 679 2261 moriendo
705 2197 743 2260 in
767 2196 875 2261 vitam
904 2197 1082 2277 ingressus
1106 2205 1160 2262 est

215 2300 391 2373 aeternam,
406 2296 489 2380 quid
509 2297 601 2361 aliud
623 2296 778 2360 insinuet
792 2314 898 2378 quam
914 2294 1059 2359 eandem
1081 2295 1160 2378 Spi-

213 2392 300 2456 ritus
318 2394 437 2461 Sancti
451 2396 611 2477 gratiam,
629 2414 700 2478 que
721 2414 856 2459 omnem
871 2395 948 2479 ejus
963 2394 1071 2458 vitam
1093 2414 1159 2475 gu-

212 2492 389 2560 bernstam
414 2496 667 2578 cognoscimus
694 2502 730 2560 ot
751 2494 926 2559 infirmato
956 2502 992 2559 et
1019 2494 1160 2559 obeunti

212 2593 391 2659 evidenter
404 2595 566 2660 affuisset
610 2596 661 2660 Ut
674 2595 780 2659 etiam
795 2613 871 2659 esse
886 2613 1072 2678 supparem
1088 2595 1159 2659 illis

212 2693 369 2772 patribus
384 2695 524 2771 nostris,
538 2688 669 2759 ³0d0ni
683 2694 817 2759 scilicet
832 2701 937 2777 atque
954 2693 1106 2771 Odiloni,
1122 2702 1158 2759 et

212 2791 335 2855 merito
351 2799 387 2856 et
402 2793 557 2876 preemio,
572 2813 642 2858 non
661 2793 890 2876 ambigemus,
906 2793 1043 2875 insigne
1056 2793 1157 2876 quid-

211 2888 291 2952 dam
314 2891 384 2956 illis
411 2911 611 2957 conoessum
635 2893 716 2957 huie
740 2912 880 2975 quoqne
902 2893 1067 2958 collatum
1091 2901 1155 2960 est.

210 2986 298 3052 Cum
314 2992 405 3056 enim
427 2991 497 3056 illis
514 2993 700 3058 contulerit
717 2993 890 3057 Dominus
906 3000 947 3057 ut
960 2992 1086 3058 octavo
1100 2993 1157 3058 die

208 3089 456 3156 solennitatum
469 3111 557 3174 quas
580 3113 653 3177 prae
670 3093 807 3157 caeteris
821 3091 1013 3176 diligebant
1028 3094 1156 3158 transi·

208 3197 305 3270 rent3
329 3209 410 3255 nam
426 3197 462 3256 et
476 3193 599 3256 beatus
614 3192 692 3257 Odo
707 3192 932 3258 festivitatem
948 3194 1042 3258 beati
1058 3192 1156 3257 Mar·

209 3288 284 3366 tini,
307 3298 342 3354 et
366 3300 508 3357 sanctus
523 3290 627 3357 Odilo
646 3290 878 3357 Nativitatem
902 3293 1044 3356 Domini
1065 3312 1155 3375 prae-

208 3388 308 3470 cipue
334 3392 509 3469 amabant,
534 3393 571 3455 in
598 3410 745 3474 quorum
773 3399 900 3455 octava
925 3391 980 3455 die
1008 3399 1155 3474 uterque

207 3486 376 3568 decessit3
400 3490 539 3555 domino
557 3489 724 3568 Lemoni,
739 3490 800 3572 qui
813 3509 885 3572 pree
899 3490 1035 3554 caeteris
1050 3490 1155 3575 hujus

206 3589 273 3651 aevi
289 3587 482 3654 hominibus
498 3579 653 3672 regulam
668 3591 781 3654 sancti
797 3588 978 3654 Benedicti
991 3591 1155 3655 observa·

206 3687 278 3764 bat,
302 3697 337 3753 et
359 3691 497 3754 beatam
513 3690 580 3753 Dei
602 3689 804 3772 genitricem
827 3689 971 3773 ejusque
999 3689 1155 3754 solennia

205 3787 373 3878 singulari
392 3791 620 3854 venerabatur
643 3788 781 3867 affectu,
806 3789 966 3867 contulit,
989 3795 1028 3852 ut
1051 3789 1154 3854 solita

239 4056 433 4121 miraeus]
449 4058 484 4109 A.
496 4059 524 4108 s.
543 4058 579 4108 o.
595 4059 666 4119 m.;
691 4056 863 4119 oramen
880 4057 957 4106 aeeot
967 4054 1090 4118 osclum,
1100 4071 1155 4106 was

204 4129 368 4189 mutabiliter,
382 4129 412 4179 C.
422 4129 454 4178 E.
691 4126 799 4176 founder
814 4127 843 4175 ol
857 4127 899 4176 the
916 4126 1023 4176 Clunisc
1048 4127 1104 4176 mle
1128 4128 1155 4175 in

240 4193 376 4266 ¹Remar.]
396 4201 426 4248 C.
439 4199 475 4247 D.
487 4199 536 4260 E.;
557 4211 623 4259 reor,
633 4195 667 4248 A.
692 4197 734 4246 the
741 4196 812 4246 tenth
819 4201 934 4258 century.
964 4195 1155 4246 Odilowmthe

203 4269 299 4319 Ml.
692 4266 747 4316 dnh
772 4266 849 4316 abbot
870 4266 900 4316 ol'
917 4266 1004 4329 Cluui,
1027 4267 1077 4316 end
1099 4282 1158 4316 snc-

137 4343 143 4356 '
238 4335 532 4402 mansuetusque
545 4330 665 4404 Odiloni,]
693 4337 895 4388 ceededinbtll.
