3142 5025
427 515 493 580 480
657 530 770 579 cnsrn
794 529 921 577 aucun
945 527 1160 577 rucconun.
1221 511 1310 592 [nra.
1323 525 1380 572 ιιι.

264 704 416 796 {limi
486 688 503 772 5
532 685 607 752 302.
646 687 746 751 Tunc
779 706 919 770 quoque
956 685 1097 768 querela
1128 684 1380 766 archiepiscopi

265 807 407 846 „aaran
430 787 658 852 Eboracensis
673 788 716 850 de
733 787 884 851 clamore
898 787 934 849 in
949 785 1214 866 wigornensem
1238 791 1274 847 et
1290 783 1382 848 Dor-

265 856 410 955 illllllld.
428 895 680 952 eacestrensem
696 886 878 970 episcopos
895 885 1010 949 decisa
1024 892 1060 949 et
1072 885 1187 967 sopita
1201 891 1266 961 est,
1283 903 1383 946 nam-

429 1006 497 1069 que
519 986 657 1050 dicebat
685 1006 745 1050 eos
777 1005 852 1049 suae
875 985 999 1049 ditioni
1029 985 1208 1068 subjacere
1232 983 1380 1061 debere3

429 1086 536 1168 quod,
558 1105 636 1150 cum
657 1085 864 1170 jamdudum
881 1092 978 1149 muto
999 1085 1137 1147 silentio
1159 1083 1380 1158 ruminasset,

431 1185 581 1249 Romam
602 1205 681 1249 cum
697 1184 893 1248 [lanfranco
915 1183 1104 1267 profectus,
1125 1190 1165 1247 ut
1186 1182 1294 1266 pallia
1315 1201 1381 1244 sua

431 1286 475 1349 ab
498 1284 690 1368 apostolico
712 1285 915 1367 reciperent,
933 1284 1049 1366 palam
1072 1282 1234 1346 audiente
1256 1288 1380 1344 senatu

432 1384 593 1448 Romano
606 1383 745 1448 extulit.
798 1383 897 1447 Tunc
915 1402 998 1446 vero
1017 1381 1245 1457 Lanfraucus,
1260 1400 1382 1463 quam·
1412 1395 1417 1399 ·

431 1483 486 1547 vis
509 1483 554 1547 ad
577 1503 696 1547 omnes
713 1483 859 1566 injurias
880 1483 1096 1546 inconcussae
1117 1480 1304 1544 soliditatis
1327 1498 1382 1543 es·

432 1589 498 1658 set,
524 1581 679 1645 nonnihil
706 1588 823 1645 tamen
854 1588 927 1644 tam
953 1589 1117 1664 proterva
1142 1587 1178 1644 et
1203 1586 1285 1644 ante
1315 1580 1380 1643 sibi

432 1681 592 1746 inaudita
614 1681 851 1764 postulatione
865 1682 1038 1757 turbatus,
1053 1681 1114 1743 irae
1131 1687 1264 1744 motum
1280 1679 1380 1743 vultu

433 1780 596 1862 prodidit,
622 1780 737 1844 verbis
767 1780 971 1861 aliquandiu
1007 1781 1102 1844 intra
1130 1780 1248 1843 fauces
1278 1778 1383 1842 devo-

433 1881 540 1943 ratis:
565 1886 602 1943 at
628 1877 830 1943 Alexander
850 1898 954 1962 papa,
975 1880 1035 1961 qui
1058 1887 1264 1961 gravaretur
1291 1877 1382 1941 Lan-

433 1978 589 2042 francum
614 1980 832 2056 contristare,
855 1978 953 2065 (nam
973 1986 1009 2043 et
1028 1977 1181 2043 venienti
1198 1979 1382 2059 dignanter

434 2087 688 2156 assurrexerat,
709 2079 887 2162 professus
910 2078 996 2142 illud
1020 2079 1156 2160 insigne
1178 2078 1381 2142 reverentiae

434 2198 505 2242 non
521 2197 560 2242 se
576 2178 743 2242 detulisse
759 2179 883 2242 honori
903 2178 1177 2261 archiepiscopii,
1194 2177 1255 2241 sed
1272 2177 1381 2240 amori

435 2275 657 2362 magisterii)
672 2285 754 2342 tunc
771 2297 910 2361 quoque
920 2277 1102 2362 judicandi
1124 2277 1290 2341 invidiam
1305 2296 1328 2340 a
1344 2296 1383 2340 se

435 2371 580 2461 ¹rejecit,
591 2379 664 2442 litis
675 2379 855 2442 arbitrium
865 2376 1292 2461 trajiciensinAnglorum
1303 2396 1384 2439 con-

434 2477 565 2542 cilium.
603 2476 838 2562 Quapropter,
853 2485 893 2542 ut
911 2477 996 2555 dixi,
1014 2497 1081 2555 res,
1094 2476 1241 2541 multum
1254 2476 1383 2559 diuque

435 2578 605 2642 ventilata
630 2579 666 2641 in
693 2578 758 2642 hoc
784 2579 944 2655 concilio,
967 2577 1058 2641 hunc
1080 2578 1206 2641 sortita
1233 2584 1288 2640 est
1313 2584 1382 2640 ter-

435 2678 587 2756 minum;
610 2683 661 2754 ut,
679 2678 762 2760 quia
783 2678 872 2741 citra
891 2677 1086 2763 Humbram
1107 2683 1235 2753 essent,
1252 2676 1289 2739 hi
1310 2676 1383 2757 epi·

435 2777 532 2859 scopi
563 2775 808 2841 Cantuariensi
844 2777 1112 2859 applicarentur,
1150 2794 1269 2840 omnes
1300 2795 1383 2840 vero

349 2871 353 2881 “
435 2875 762 2941 Transhumbranos
777 2877 1006 2941 Eboracensis
1021 2877 1203 2941 obtineret.

274 2992 411 3032 wulstanu-
487 2974 602 3057 §303.
626 2974 697 3039 Hic
722 2984 846 3040 sancta
870 2976 1074 3059 simplicitas
1099 2977 1192 3039 beati
1205 2974 1384 3039 Wulstani

274 3043 424 3132 ἓῗῖἶῖΝ“”
436 3073 678 3157 Wigornensis
699 3076 865 3158 episcopi,
886 3077 992 3140 immo
1014 3076 1236 3157 magnanima
1251 3075 1288 3138 in
1308 3074 1386 3139 Deo

435 3174 655 3251 confidentia,
682 3173 858 3239 laudanda
879 3183 914 3240 et
939 3176 1065 3259 plausu
1094 3175 1299 3258 excipienda
1321 3181 1386 3238 est.

437 3272 527 3337 Cum
544 3275 635 3337 enim
651 3281 687 3337 et
700 3274 743 3337 de
756 3274 822 3338 hac
838 3295 887 3353 re,
905 3275 999 3339 etde
1018 3294 1128 3359 parva
1145 3276 1291 3339 scientia
1306 3274 1384 3338 lite-

436 3393 553 3437 rarum
573 3374 746 3457 pulsatus,
764 3375 858 3438 foras
880 3376 1012 3439 exisset
1025 3382 1065 3437 ut
1080 3394 1101 3438 a
1117 3375 1283 3438 strictiori
1304 3393 1388 3437 con·

436 3473 515 3538 silio
531 3493 735 3556 responsum
752 3482 904 3538 comeret
925 3494 1038 3552 suum,
1061 3493 1084 3537 a
1105 3473 1310 3537 tumultibus
1332 3493 1388 3536 re·

436 3581 532 3637 moto
555 3573 682 3650 animo,
698 3573 831 3637 ‘Crede
852 3573 959 3649 milri,'
972 3574 1098 3657 inquit,
1113 3574 1285 3636 ‘nondum
1307 3592 1386 3636 can-

437 3674 589 3737 tavimus
613 3672 733 3737 horam
754 3681 911 3752 sextam3
936 3681 1114 3737 cantemus
1137 3673 1245 3755 ergo!
1296 3672 1385 3735 Tum

438 3774 541 3837 sociis
567 3772 794 3837 referentibus
820 3780 860 3836 ut
885 3774 980 3856 prius
1006 3780 1148 3856 propter
1174 3772 1267 3855 quod
1284 3793 1389 3836 vene·

437 3880 517 3936 rant
540 3873 755 3956 expedirent,
780 3873 874 3955 quod
901 3875 988 3936 satis
1016 3892 1189 3955 superque
1217 3871 1387 3936 sufficeret

438 3973 597 4035 cantibus
614 3980 750 4054 tempus
764 3992 772 4051 ;
790 3992 906 4053 regem
923 3980 958 4035 et
967 3992 1138 4055 proceres,
1155 3974 1186 4035 si
1202 3972 1276 4035 haec
1291 3971 1389 4035 audi-

439 4072 540 4148 erint,
566 4072 651 4135 risui
679 4090 716 4135 se
738 4072 857 4135 haberi
882 4072 1105 4154 opinaturos3
1130 4071 1266 4148 ‘Prima
1289 4071 1389 4135 crede

633 4315 639 4346 ¹
652 4314 770 4387 Reiecit]
788 4319 821 4369 A.
834 4320 863 4371 S.
876 4322 910 4372 D.
922 4323 956 4375 Ε.
967 4324 1017 4383 1ης
1036 4323 1150 4385 removit,
1164 4324 1194 4371 C.
