3142 5025
415 522 481 587 468
631 535 744 584 cussa
773 535 900 583 annun
923 535 1139 582 nucnonuu.
1210 518 1298 600 [nra.
1314 533 1367 580 ιιι.

415 692 534 775 dispar
547 693 700 775 antiquis
715 691 964 769 Amazonibus,
981 692 1112 755 ferrata
1126 691 1278 756 virorum
1304 710 1366 773 ag-

416 792 510 856 mina
532 793 567 856 in
597 792 726 857 bellum
756 794 883 874 agebat
910 792 1074 870 foemina3
1102 791 1178 875 ejus
1202 791 1367 873 suffragio

419 892 583 956 Urbanus
614 893 797 974 posteriori
827 899 982 975 tempore
1013 891 1176 955 thronum
1205 891 1368 976 indeptus

417 993 658 1075 apostolicum,
687 1011 847 1055 securum
869 1011 932 1075 per
955 991 1114 1055 undecim
1143 1010 1254 1055 annos
1281 992 1369 1056 acti-

418 1091 508 1155 tavit
547 1092 668 1156 otium.
729 1091 818 1156 Post
850 1110 928 1153 enm
965 1089 1158 1166 Paschah's,
1197 1097 1369 1173 consputa

417 1190 564 1255 Henrici
577 1191 734 1268 scientia,
751 1211 772 1254 a
790 1191 959 1255 Romanis
975 1191 1157 1254 institutus
1171 1197 1234 1254 est.
1275 1188 1367 1254 Gra·

415 1293 522 1357 vabat
555 1309 699 1374 superas
730 1290 843 1356 adhuc
866 1289 1017 1354 vivendo
1043 1288 1223 1353 Wibertus
1251 1308 1366 1367 auras,

416 1392 541 1455 unicus
555 1390 749 1456 schismatis
770 1396 878 1466 sator,
895 1409 959 1454 nec
979 1407 1132 1472 unquam
1147 1389 1261 1471 quoad
1275 1390 1368 1454 vixit

416 1491 646 1574 pervicaciam
670 1490 831 1575 deposuit
854 1496 894 1553 ut
914 1489 1063 1573 justitiae
1087 1507 1212 1552 manus
1244 1489 1366 1570 daret,

416 1591 635 1672 imperatoris
638 1573 808 1674 judicium
821 1589 1053 1671 pronuncians
1064 1589 1287 1670 sequendum,
1297 1609 1368 1653 non

418 1683 641 1753 ¹lanistarum
670 1689 728 1753 vel
751 1688 937 1772 pellificum
964 1689 1225 1753 Romanorum:
1258 1707 1367 1771 quare

418 1790 532 1865 ambe,
559 1790 603 1852 ab
627 1788 768 1852 Urbano
785 1782 1028 1870 ²sequentibus
1053 1788 1207 1852 conciliis
1230 1808 1368 1852 excom·

418 1888 594 1965 municati,
621 1895 746 1970 arguto
769 1888 978 1952 sententiam
1000 1888 1258 1971 suspendebant
1279 1888 1368 1961 ludi-

417 1988 503 2051 brio.
556 1988 655 2052 Inter
682 1987 758 2052 haec
787 1994 888 2051 erant
915 1987 1027 2052 multa
1057 2007 1136 2070 quae
1165 1987 1203 2050 in
1228 1987 1368 2052 Caesare

418 2088 602 2170 probares3
626 2087 718 2169 quod
740 2096 832 2151 esset
848 2106 907 2151 ore
921 2086 1102 2164 facundus,
1119 2107 1199 2150 acer
1216 2087 1368 2169 ingenio,

418 2187 529 2251 multa
561 2186 715 2250 eruditus
752 2186 912 2263 lectione,
950 2187 1097 2270 impiger
1131 2186 1369 2269 eleemosynis,

419 2305 560 2369 prorsus
577 2287 613 2351 in
629 2281 689 2351 ³eo
711 2288 804 2350 bona
824 2286 932 2350 animi
948 2287 1171 2368 corporisque
1190 2305 1368 2366 cerneres;

419 2386 464 2450 ad
487 2406 583 2450 arma
606 2394 764 2470 prompte
788 2385 1003 2463 concurrere,
1019 2388 1133 2468 utqui
1149 2387 1311 2467 sexagies
1333 2393 1369 2450 et

420 2487 560 2552 hisacio
578 2486 707 2552 collata
720 2485 912 2566 dimicarit3
931 2486 1028 2571 juste
1042 2486 1121 2550 lites
1143 2505 1369 2568 componere3

421 2607 500 2651 curn
517 2606 572 2651 res
594 2606 664 2651 non
680 2588 916 2663 successisset,
931 2587 1081 2668 querelis
1097 2588 1134 2650 in
1147 2585 1273 2649 coelum
1288 2606 1370 2650 con·

421 2687 531 2750 versis
550 2686 629 2749 inde
652 2706 752 2768 opem
772 2693 969 2768 expectare.
1014 2685 1138 2750 Plures
1153 2686 1369 2752 inimicorum

420 2786 496 2871 ejus
509 2786 619 2850 vitam
635 2786 732 2849 exitu
746 2786 942 2850 miserando
955 2786 1164 2849 conclusere.

539 2977 587 3023 DE
609 2976 752 3022 HOMINE
774 2976 799 3022 A
824 2974 989 3022 MURIBUS
1007 2974 1255 3029 ‚lencnaaro

473 3083 582 3166 5290.
607 3080 737 3146 Audivi
752 3082 864 3144 virum
887 3082 1146 3146 veracissimum
1167 3080 1372 3145 referentem

421 3181 671 3265 quodquidam
688 3201 733 3245 ex
749 3180 957 3245 adversariis
974 3181 1062 3265 ejus,
1075 3180 1177 3244 homo
1200 3182 1372 3263 impotens

346 3278 349 3289 '
422 3290 458 3346 et
478 3282 657 3358 factiosus
681 3282 762 3345 dum
784 3282 994 3363 resupinatis
1016 3282 1208 3344 cervicibus
1228 3282 1265 3344 in
1290 3300 1372 3345 con-

422 3381 515 3446 vivio
532 3382 709 3459 resideret,
723 3383 775 3445 ita
794 3400 816 3445 a
830 3381 985 3445 muribus
1005 3388 1146 3464 repente
1167 3380 1371 3445 circumval-

420 3480 514 3545 latus
527 3488 581 3547 est
595 3488 635 3545 ut
649 3500 820 3562 nusquam
838 3487 931 3544 esset
944 3480 1130 3561 effugium
1153 3487 1273 3544 tantus
1296 3487 1371 3544 erat

457 3770 465 3802 ¹
477 3772 636 3821 Lunbtoram
646 3772 683 3821 vel
691 3770 824 3837 pellificum
832 3771 883 3819 Rc·
907 3772 1011 3834 bishops
1022 3787 1077 3822 was
1093 3772 1217 3834 certainly
1226 3778 1253 3821 to
1266 3773 1299 3822 be
1314 3788 1372 3835 pre-

420 3844 566 3906 maumam]
584 3843 681 3905 Sharpe
697 3846 816 3904 suggests
828 3841 884 3889 that
907 3843 991 3891 ferred
1002 3843 1043 3891 ‘to
1054 3843 1216 3904 sheep-skins
1231 3843 1372 3893 blackencd

421 3913 492 3962 these
508 3913 593 3962 words
617 3928 660 3962 are
678 3912 798 3960 intended
815 3925 845 3960 as
868 3924 884 3959 a
908 3913 971 3961 with
993 3912 1048 3975 ink,
1069 3913 1120 3961 and
1147 3913 1240 3963 loaded
1261 3914 1325 3961 with
1352 3928 1370 3962 a

421 3987 537 4032 suaerat
553 3981 595 4031 tho
611 3981 885 4044 sanguinarydisposi·
908 3983 999 4031 lenden
1029 3982 1109 4033 scal)
1147 3981 1278 4049 (Eadmer.
1301 3984 1372 4034 Hist.

420 4053 474 4100 tion
492 4051 521 4100 of
536 4052 578 4099 the
601 4052 699 4101 Roman
715 4052 817 4113 people,
833 4050 884 4098 and
910 4052 1004 4103 Novor.
1016 4067 1042 4113 p.
1054 4049 1109 4117 65.)

421 4119 884 4251 ςεςέςεθεςςςςέες
944 4148 1161 4237 aba]
1191 4156 1222 4205 ο·
1324 4155 1374 4205 e-

421 4259 500 4308 dence
526 4259 653 4322 adduced,
674 4262 695 4309 it
716 4262 739 4309 is
760 4260 883 4309 observed
909 4224 1098 4288 quembm'A‘
1110 4225 1140 4275 S·
1152 4226 1230 4325 υἷι·

420 4329 476 4379 that
491 4329 534 4379 the
552 4330 606 4379 oral
623 4330 757 4391 testimony
767 4329 797 4378 os
811 4328 881 4377 three
944 4324 1021 4389 ³Eo.]
1039 4324 1074 4376 A.
1087 4326 1116 4376 S.
1126 4327 1162 4375 D.
1174 4327 1222 4387 [με
1241 4342 1282 4391 ea,
1294 4328 1325 4377 C.
1337 4328 1371 4377 Ε.

1564 436 1566 537 i
