3142 5025
417 484 484 548 592
644 497 757 548 onera
780 497 907 546 uacua
929 495 1144 545 suenonuu.
1219 482 1303 566 [um.
1323 498 1371 545 rv.

256 678 352 717 nmen
419 656 674 720 aestimarentur
691 648 895 736 ¹sexaginta
913 654 1022 718 millia
1038 654 1198 732 militum,
1210 661 1246 718 et
1259 655 1370 719 multo

256 728 520 838 l.‘2¹1¹'0⁸n‘1⁰⁰¹“¹'plura
544 755 710 837 peditum.
765 755 838 818 Ivit
864 773 942 817 cnm
965 773 1006 818 eo
1033 753 1231 836 Stephanus
1253 773 1369 818 comes

420 854 646 936 Burgundiae‚
674 860 710 917 et
745 853 854 935 Hugo
888 853 1113 931 lizianensis,
1140 853 1249 917 frater
1282 853 1369 918 Rai-

418 954 539 1029 mundi
565 954 712 1029 comitis,
735 961 771 1017 et
798 953 907 1035 Hugo
928 972 1089 1035 magnus
1112 960 1148 1016 et
1170 952 1370 1035 Stephanus

420 1053 610 1131 Blesensis,
626 1054 778 1135 antiquae
802 1052 1022 1117 discessionis
1044 1053 1290 1136 improperium
1308 1072 1370 1117 no-

419 1172 465 1218 ra
488 1161 523 1217 et
548 1153 749 1234 excogitata
764 1154 894 1218 virtute
917 1152 1044 1216 sarcire
1066 1153 1257 1234 cupientes.
1309 1152 1368 1216 Ita

419 1272 481 1336 per
507 1252 843 1335 Constantinopolim
875 1253 1063 1334 profectus,
1097 1272 1175 1316 cum
1205 1252 1368 1316 insolenti

418 1371 586 1434 responso
603 1351 661 1438 (ut
681 1353 840 1434 superius
863 1349 955 1436 dixi)
969 1349 1136 1415 Alexium
1158 1351 1369 1430 offendisset,

418 1451 479 1516 illo
506 1471 577 1516 non
606 1457 760 1528 curante,
789 1452 845 1515 vel
878 1452 996 1533 potius
1027 1457 1247 1533 procurante,
1279 1451 1366 1515 Soli·

418 1552 539 1614 manni
567 1551 712 1615 incurrit
743 1551 907 1630 insidias3
947 1551 1007 1633 qui
1036 1551 1148 1614 sciens
1176 1552 1366 1616 exercitum

418 1650 509 1714 fame
526 1658 561 1714 et
576 1651 634 1714 siti
656 1650 826 1729 laborare,
847 1651 939 1733 quod
962 1650 1151 1733 aliquantis
1168 1650 1288 1714 diebus
1315 1671 1368 1714 er··

419 1750 567 1814 rabundi
587 1769 650 1832 per
665 1750 836 1832 palustria
860 1757 896 1814 et
910 1749 1006 1815 invia
1030 1750 1108 1814 loca
1126 1750 1274 1828 iverant,
1289 1769 1368 1814 cum

418 1851 581 1914 trecentis
598 1849 750 1913 millibus
773 1850 1035 1932 sagittariorum
1049 1849 1209 1914 occurrit.
1257 1849 1368 1914 Nulla

418 1969 570 2031 unquam
587 1949 777 2013 luctuosior
794 1950 939 2013 Francis
960 1969 1081 2032 pugna
1093 1949 1181 2026 visa,
1199 1950 1281 2032 quia
1303 1969 1367 2013 nec

418 2048 576 2112 timidum
599 2050 695 2131 fuga,
720 2069 784 2114 nec
811 2050 977 2113 audacem
990 2051 1115 2127 virtus,
1140 2057 1277 2131 poterat
1298 2050 1370 2113 eri-

418 2168 499 2232 pere
521 2149 729 2228 discrimini3
753 2150 845 2230 quod
870 2150 906 2212 in
929 2156 1026 2213 arcto
1040 2149 1118 2213 loco
1139 2155 1367 2230 pugnaretur,

418 2255 454 2312 et
485 2249 521 2311 in
549 2257 728 2313 consertos
752 2249 960 2331 sagittarum
988 2249 1096 2312 nubes
1124 2269 1194 2312 uon
1221 2249 1368 2314 frustra·

418 2355 524 2412 retur.
566 2347 756 2416 Interfecto
767 2349 876 2430 igitur
889 2349 1072 2430 plusquam
1089 2355 1228 2413 centum
1243 2348 1365 2426 millia,

421 2448 540 2531 praeda
564 2448 674 2513 omnis
698 2448 867 2529 abducta;
890 2449 941 2513 ita
963 2448 1196 2525 Solimannus,
1219 2468 1264 2513 ex
1292 2467 1367 2513 ma·

421 2550 534 2613 nubiis
552 2549 764 2631 Francorum
781 2549 894 2613 claras
911 2549 1070 2612 manibus
1084 2568 1224 2613 suorum
1243 2556 1367 2613 nactus

420 2648 573 2724 inferias,
588 2648 805 2731 dispendium
823 2649 943 2713 Niceae
966 2649 1061 2712 ultus
1083 2656 1148 2713 est.
1200 2648 1268 2712 Sed
1285 2650 1368 2731 quia

421 2748 538 2812 multis
552 2749 748 2812 tramitibus
764 2750 851 2812 itum
874 2756 959 2824 erat,
974 2768 1037 2813 nec
1054 2768 1172 2812 omnes
1195 2748 1288 2824 caesi,
1303 2768 1367 2812 nec

421 2848 537 2912 omnia
568 2847 722 2931 direpta,
760 2869 841 2912 nam
871 2856 998 2931 praeter
1028 2847 1282 2924 Pictavensem,
1306 2848 1366 2930 qni

420 2967 508 3030 pene
534 2946 577 3010 ad
605 2947 765 3031 pudenda
790 2948 941 3012 nudatus
968 2954 1055 3025 erat,
1081 2949 1198 3011 caeteri
1223 2948 1365 3011 comites

420 3054 578 3128 prompte
606 3066 670 3110 sua
692 3047 993 3111 defensitaverant.
1047 3046 1177 3111 Omnes
1200 3066 1295 3129 ergo,
1311 3068 1366 3111 re-

420 3145 574 3209 collectis
586 3163 631 3209 ex
641 3145 726 3227 fuga
736 3147 915 3225 militibus,
926 3153 1054 3229 praeter
1066 3145 1253 3228 Hugonem
1268 3166 1368 3229 mag·

419 3264 514 3321 num,
526 3265 628 3328 quem
642 3253 815 3309 mortuum
826 3246 1008 3309 Tarsensis
1025 3246 1180 3310 civitatis
1197 3265 1286 3310 urna
1301 3266 1367 3309 ex·

420 3345 524 3427 cepit,
538 3343 762 3409 Antiochiam
789 3345 1039 3425 convolarunt3
1063 3345 1099 3408 in
1125 3346 1250 3428 quibus
1273 3345 1368 3409 Tan-

420 3446 554 3522 credus,
568 3446 718 3527 egregiae
741 3445 881 3528 pietatis
903 3445 1014 3522 miles,
1031 3445 1206 3527 ingentem
1229 3445 1366 3508 munili-

420 3546 542 3609 centiae
567 3564 639 3609 suae
667 3546 815 3627 gratiam
840 3544 1002 3623 ostendit,
1028 3552 1171 3609 cunctos
1194 3551 1366 3627 quatenus

419 3652 557 3725 poterat
591 3646 747 3728 pecuniis
776 3651 997 3725 sustentans3
1028 3643 1242 3708 Willelmum
1275 3663 1367 3727 prae-

419 3745 531 3828 cipue,
553 3764 656 3827 quem
681 3743 829 3809 fortunae
843 3744 1046 3808 vicissitudo
1071 3763 1112 3808 eo
1138 3743 1368 3809 afflictaverat

418 3843 622 3909 invidiosius
653 3864 722 3927 quo
754 3851 836 3908 ante
867 3851 1078 3927 provexerat
1108 3843 1275 3921 serenius,
1305 3844 1366 3927 qui

417 3952 546 4027 praeter
568 3962 686 4025 gazas,
703 3964 850 4025 quarum
877 3944 1004 4008 damno
1030 3964 1100 4009 non
1127 3944 1213 4008 adeo
1239 3942 1366 4008 afficie-

418 4044 532 4121 batur,
553 4045 644 4126 quod
671 4044 811 4107 caducae
833 4051 915 4108 sunt
939 4052 975 4108 et
995 4044 1218 4127 reparabiles,
1242 4064 1286 4108 ex
1310 4049 1366 4127 ‚tot

554 4282 563 4314 ¹
576 4285 714 4347 Sexaginta
726 4285 804 4334 millia
816 4284 942 4347 militum]
960 4285 1007 4333 See
1019 4289 1076 4333 note
1086 4281 1107 4345 ⁸,
1117 4298 1143 4345 p.
1156 4287 1213 4334 635.
