3142 5025
206 535 355 612 maru]
430 548 543 595 onsrn
567 547 692 594 aucun
717 547 930 596 nncuoauu.
1088 532 1153 595 507

204 709 275 765 tam
289 703 437 766 ubertim
455 703 608 766 manavit
622 711 661 766 ut
677 703 828 767 vicinum
842 704 970 768 vadum
986 704 1152 771 inficeret.

205 799 381 865 Audiebat
406 802 465 866 ille
489 802 575 878 haec,
600 809 636 865 et
650 795 822 883 ¹ridebat3
846 823 909 868 nec
933 823 998 867 sua
1019 805 1154 869 somnia

206 901 249 963 de
262 920 312 977 se,
327 921 389 965 nec
408 901 553 964 aliorum
569 901 656 977 visa,
672 920 811 966 curans.

258 999 371 1082 §332
402 1000 518 1064 Multa
548 999 590 1063 de
619 999 728 1082 ipsius
752 994 855 1064 ²nece
881 1007 915 1064 et
942 1002 1092 1082 praevisa
1117 1008 1153 1066 et

207 1099 373 1180 praedicta
396 1099 551 1163 homines
577 1098 703 1175 ferunt,
731 1119 877 1182 quorum
902 1101 970 1164 tria
991 1101 1152 1184 probabi·

207 1198 290 1260 lium
305 1199 491 1262 relatorum
507 1198 703 1264 testimonio
723 1199 865 1262 lecturis
880 1199 1151 1263 communicabo.
1248 1268 1254 1278 ,

209 1297 389 1373 Edmerus,
404 1305 599 1361 nostrorum
622 1304 815 1380 temporum
836 1297 1020 1362 historicus
1042 1299 1152 1362 since-

209 1396 311 1460 ritate
322 1397 478 1460 veritatis
494 1396 701 1473 laudanduS,
715 1396 800 1460 dicit
814 1396 964 1460 nobilem
976 1398 1074 1461 illum
1091 1417 1153 1460 ex·

210 1496 300 1558 ulem
316 1494 532 1572 Anselmum,
554 1514 633 1559 cum
652 1515 721 1577 quo
743 1496 874 1578 pariter
895 1497 1007 1560 omnis
1032 1496 1154 1576 religio

209 1595 387 1671 exulabat,
406 1595 842 1672 Marcenniacumvenisse,
858 1602 898 1658 ut
912 1594 1076 1677 Hugonis
1092 1596 1153 1659 ab·

211 1694 301 1757 batis
317 1693 553 1758 Cluniacensis
575 1693 795 1758 conscientiae
816 1694 975 1776 querelas
995 1714 1154 1758 curarum

209 1813 348 1857 suarum
373 1794 557 1874 ingereret.
609 1792 676 1869 Ibi,
699 1812 776 1856 cum
802 1792 845 1856 de
875 1811 957 1873 rege
978 1793 1155 1858 Willelmo

211 1912 322 1956 sermo
346 1893 573 1968 volutaretur,
598 1892 757 1955 abbatem
784 1891 987 1972 praedictum
1013 1892 1156 1971 dixisse,

212 1993 371 2074 proxima
394 1999 495 2056 nocte
518 2010 634 2072 regem
656 1991 754 2054 illum
771 1997 852 2054 ante
867 1991 981 2054 Deum
1001 1991 1156 2068 ductum,

211 2098 246 2154 et
270 2091 505 2174 adjudicatum
529 2091 655 2153 librato
675 2089 821 2172 judicio,
848 2090 981 2154 tristem
996 2084 1157 2154 ³damna·

211 2191 314 2254 tionis
329 2191 475 2254 subiisse
491 2189 709 2254 senteutiam.
761 2187 804 2252 Id
821 2207 892 2271 quo
908 2189 1010 2254 modo
1026 2198 1156 2267 nosset,

213 2309 275 2353 nec
305 2290 379 2371 ipse
405 2297 487 2352 tunc
510 2289 683 2370 exposuit,
706 2306 769 2350 nec
793 2287 918 2368 uliquis
943 2289 1157 2353 audientium

211 2389 411 2472 requisivit:
446 2395 684 2463 veruntamen,
710 2405 773 2468 pro
799 2388 957 2450 contuitu
980 2388 1158 2468 religionis

211 2489 298 2572 ejuS,
316 2487 402 2551 nulli
425 2487 647 2571 praesentium
670 2485 712 2550 de
734 2485 802 2549 fide
826 2485 995 2551 dictorum
1018 2486 1157 2551 inhaesit

214 2589 425 2669 ambiguum.
478 2587 565 2670 Ejus
591 2593 666 2650 erat
690 2585 772 2650 vitae
797 2584 918 2667 Hugo,
941 2586 1018 2670 ejus
1043 2586 1157 2661 famae,

212 2695 252 2751 ut
272 2705 390 2750 omnes
410 2685 486 2769 ejus
502 2680 733 2768 *suspicerent
747 2684 933 2766 eloquium,
951 2686 1159 2749 mirarentur

215 2786 408 2861 consilium,
424 2786 524 2866 quasi
540 2805 584 2849 ex
601 2784 734 2849 coelesti
747 2784 844 2848 aditu
859 2784 1070 2848 insonuisset
1081 2802 1159 2847 ora·

214 2885 337 2948 culum.
372 2883 448 2947 Nec
465 2884 574 2947 multo
590 2890 670 2966 post
684 2883 811 2959 occiso,
828 2890 869 2946 ut
885 2882 1049 2959 dicemus,
1067 2902 1160 2963 rege,

214 2985 310 3048 venit
334 2984 479 3047 nuncius
497 2990 536 3045 ut
561 2982 676 3045 sedem
705 3000 804 3045 suam
827 2980 1027 3064 dignaretur
1049 2981 1160 3045 archi·

165 3112 177 3121 -
214 3084 405 3165 episcopus.

266 3181 376 3264 §333.
401 3179 517 3243 Pridie
538 3198 642 3260 quam
666 3173 966 3257 ⁵excederetvita,
988 3179 1075 3244 vidit
1101 3198 1163 3260 per

215 3281 365 3363 quietem
383 3298 421 3343 se
438 3278 649 3361 phlebotomi
664 3278 735 3342 ictu
758 3279 962 3358 sanguinem
984 3280 1161 3356 emittere3

217 3378 353 3443 radium
371 3378 502 3442 cruoris
522 3378 559 3439 in
573 3376 698 3440 coelum
713 3394 823 3457 usque
838 3384 1036 3458 protentum
1051 3377 1163 3440 lucem

217 3479 430 3553 obnubilare,
462 3476 552 3539 diem
587 3476 807 3558 interpolare.
878 3476 948 3553 Ita,
977 3476 1164 3541 inclamata

219 3584 341 3640 sancta
375 3576 502 3651 Maria,
532 3594 654 3637 somno
692 3593 873 3652 excussuS,
903 3575 1019 3639 lumen
1047 3574 1164 3639 inferri

219 3676 397 3757 praecepit,
424 3682 459 3738 et
484 3674 714 3737 cubicularios
740 3692 761 3737 a
782 3692 820 3736 se
844 3673 1019 3737 discedere
1044 3673 1164 3737 vetuit.

254 3970 261 4001 ¹
276 3970 403 4033 natue]
421 3971 450 4019 S·
464 3971 494 4020 G·
506 3970 541 4020 D·
557 3971 609 4029 a,
626 3984 682 4031 gar-
743 3994 943 4057 ⁴smaerenc1
959 3993 993 4042 A.
1006 3993 1035 4042 s.
1046 3994 1075 4041 c.
1088 3992 1123 4042 o.
1135 3992 1168 4040 n.

219 4043 309 4102 riebat,
320 4040 353 4089 A.
366 4041 397 4089 L.

255 4104 368 4177 8Nera]
387 4110 416 4157 S.
438 4109 468 4157 G.
486 4108 521 4158 D.
538 4110 584 4167 E.;
606 4108 682 4155 inter-

221 4183 269 4277 stup
280 4180 478 4309 ‘deductionis-l
495 4246 528 4295 A.
548 4248 576 4296 S.
598 4248 627 4295 C.
648 4245 683 4293 D.
710 4197 981 4323 ireatffioedmmta‘]
1000 4202 1034 4251 θ’
1046 4202 1097 4261 E.;
1116 4214 1172 4261 ω’

222 4321 246 4367 Ε
253 4324 278 4368 2.
291 4320 339 4377 ln,
356 4316 460 4365 omitted
472 4318 497 4363 in
509 4316 532 4363 E
543 4320 566 4365 1.
759 4308 765 4335 '

708 4066 739 4114 L.
749 4082 757 4126 ;
774 4071 941 4126 susciperent,
952 4063 981 4112 S.
992 4060 1142 4131 (varglect.)
