3142 5025
225 535 375 616 urn.1v.]
441 552 555 601 cnsrn
578 553 705 602 nncuu
729 552 942 601 nucnoeuu.
1108 534 1175 600 489

224 708 319 786 dum,
336 708 379 772 de
401 726 439 772 se
458 708 543 792 ipsis
565 714 713 774 caveant
729 709 947 791 exemplum3
970 707 1061 772 idem
1082 709 1175 772 enim

225 827 262 872 se
289 828 419 890 regem,
452 809 512 890 qui
538 808 617 872 illos
645 808 750 872 duces
779 808 910 872 fecerit.
963 808 1032 885 His
1058 809 1174 873 verbis

224 927 339 972 comes
364 914 399 972 et
423 908 733 990 pollicitationibus
758 907 932 984 incensuS,
958 909 1017 992 qui
1040 909 1173 990 primus

223 1007 384 1072 factionis
407 1015 487 1090 post
512 1007 668 1072 Odonem
694 1006 839 1089 signifer
860 1007 938 1085 fuit,
960 1009 1092 1091 primus
1115 1007 1175 1071 de-

222 1107 316 1171 fecit.
380 1106 555 1172 Continuo
585 1127 669 1190 ergo
691 1107 735 1176 ,in
762 1100 955 1172 desertores
984 1107 1173 1189 profectus,

223 1206 368 1271 castella
381 1207 499 1290 patrui
524 1207 580 1270 sui
595 1206 794 1288 Tunebrige
811 1213 847 1270 et
863 1206 1056 1272 Pevenesel
1073 1207 1172 1270 effre·

223 1307 295 1388 git3
329 1308 405 1390 ipso
435 1307 472 1371 in
503 1307 688 1388 posteriori
717 1307 939 1388 interceptoz·
962 1313 1103 1388 captum
1125 1307 1170 1370 ad

222 1407 315 1488 quod
339 1405 442 1470 libuit
462 1405 709 1490 jusjurandum
733 1405 884 1488 impulit,
903 1413 944 1469 ut
962 1404 1092 1488 Anglia
1112 1405 1171 1470 de-

222 1505 359 1573 cederet
374 1498 426 1570 ¹et
443 1505 694 1570 Rovecestram
711 1505 875 1569 traderet.
926 1503 985 1570 Ad
998 1506 1091 1588 quod
1107 1505 1171 1568 im-

220 1604 382 1687 plendum
406 1625 485 1669 eum
507 1625 586 1669 cum
600 1605 758 1669 fidelibus
780 1605 853 1669 suis
875 1606 1055 1687 praemisit,
1076 1605 1171 1668 lento
1218 1612 1222 1620 '

221 1705 309 1788 pede
337 1712 532 1788 praeeuntes
564 1706 782 1770 subsecutus.
847 1704 935 1768 Erat
962 1712 1046 1769 tnnc
1078 1704 1171 1787 apud

224 1804 474 1869 Rovecestram
490 1805 602 1869 omnis
618 1824 706 1888 pene
716 1804 914 1888 juventutis
925 1824 970 1868 ex
979 1803 1110 1886 Anglia
1121 1798 1171 1867 ²et

223 1903 441 1969 Normennia
461 1905 647 1983 nobilitas3
671 1911 742 1968 tres
767 1903 830 1966 filii
853 1903 998 1986 Rogerii
1021 1905 1170 1981 comitis,

222 2010 258 2067 et
274 2004 484 2069 Eustochiae
500 2004 668 2068 Bononiae
679 2002 811 2087 junior,
825 2003 993 2087 multique
1010 2003 1070 2067 elii
1083 2022 1171 2085 quos

221 2102 314 2167 infra
335 2123 454 2168 curam
472 2111 626 2168 nostram
643 2103 819 2167 existimo.
871 2103 976 2184 Regii
998 2122 1077 2166 cum
1099 2103 1172 2185 epi·

222 2221 329 2286 scopo
353 2204 456 2286 peuci
478 2210 514 2267 et
534 2203 681 2266 inermes
698 2200 795 2288 (quis
819 2202 911 2267 enim
934 2222 976 2266 eo
999 2210 1171 2285 praesente
1260 2188 1267 2200 ’

221 2303 365 2366 insidias
401 2304 538 2367 timeret
549 2305 582 2388 l)
615 2302 709 2366 circa
739 2320 858 2365 muros
890 2301 1066 2378 desiliunt,
1099 2303 1170 2366 cla·

223 2409 357 2466 mantes
381 2403 565 2486 oppidanis
589 2410 630 2467 ut
655 2407 775 2484 portas
801 2401 978 2484 aperiant3
1001 2400 1068 2464 hoc
1097 2402 1171 2484 epi·

222 2522 366 2585 scopum
390 2509 597 2586 praesentem
623 2500 725 2578 velle,
756 2500 823 2567 boc
851 2520 969 2583 regem
993 2500 1172 2564 absentem

218 2601 352 2685 jubere.
406 2600 456 2666 At
471 2603 535 2680 illi,
552 2603 596 2665 de
618 2620 717 2665 muro
735 2600 928 2683 conspicati
944 2600 1038 2683 qnod
1052 2601 1171 2665 vultus

223 2702 377 2785 episcopi
402 2721 481 2765 cum
503 2702 618 2766 verbis
644 2708 822 2766 oratorum
857 2720 926 2764 non
960 2702 1171 2779 conveniret,

222 2802 350 2883 raptim
370 2802 500 2884 apertis
516 2802 626 2884 portis
641 2807 759 2878 ruunt,
776 2818 885 2884 equos
905 2799 1075 2877 involant,
1098 2820 1172 2864 orn·

222 2918 352 2983 nosque
365 2920 443 2965 cum
460 2900 623 2984 episcopo
640 2900 776 2964 vinctos
799 2899 986 2963 abducunt.
1039 2899 1174 2963 Rumor

222 3000 306 3064 sacti
329 3000 383 3071 ¹ad
415 3020 531 3081 regem
565 3000 635 3064 cito
663 2998 866 3082 perlabitur.
925 2998 1085 3063 Severior
1113 2999 1173 3063 ille

223 3100 336 3177 malie,
371 3100 527 3182 iramque
563 3099 657 3163 intra
695 3098 942 3163 conscientiam
978 3099 1173 3175 resorbens,

222 3197 359 3281 Anglos
374 3219 456 3265 suos
469 3198 650 3282 appellat3
669 3198 770 3283 jubet
785 3207 827 3262 ut
840 3199 1087 3281 compatriotas
1113 3198 1174 3261 ad·

223 3306 349 3363 vocent
372 3301 416 3363 ed
442 3299 655 3363 obsidionem
678 3298 808 3375 venire,
835 3298 902 3360 nisi
929 3298 960 3361 si
982 3297 1043 3380 qui
1065 3296 1175 3362 velint

224 3399 289 3462 sub
317 3400 455 3463 nomine
479 3392 641 3480 ³Nibing,
666 3397 760 3479 quod
791 3415 941 3480 nequam
971 3402 1086 3474 sonat,
1118 3416 1173 3461 re·

223 3516 371 3561 manere.
407 3496 528 3580 Angli,
543 3498 603 3581 qui
619 3497 704 3561 nihil
718 3497 876 3561 miserius
891 3502 1056 3579 putarent
1069 3516 1175 3579 quam

259 3777 268 3809 ¹
294 3782 328 3828 Et
355 3781 525 3830 Rovecertrum
553 3782 687 3845 traderet]
713 3780 840 3829 resumant
850 3792 926 3839 quam
943 3777 1089 3839 hujusmodi
1106 3778 1176 3839 igno-

224 3848 257 3900 A.
270 3851 299 3900 S.
310 3851 347 3901 D.
359 3851 391 3901 Ε.
404 3851 434 3900 L.
445 3866 454 3912 ;
471 3851 613 3899 omittedin
627 3852 657 3901 C.
713 3848 1028 3903 miniosovocabulo,’&c.
1057 3847 1176 3907 Spelman

261 3949 318 4001 'u
330 3952 505 4018 trouu-1
522 3952 598 4003 w·
607 3953 642 4004 ⁰·
655 3953 688 4004 Ε·
713 3916 1176 4037 restitutionum

226 4023 257 4071 ι’·
268 4038 276 4084 3
291 4023 396 4071 mim
406 4024 433 4071 in
446 4024 478 4071 c·
713 4060 735 4107 it
744 4072 805 4119 may
816 4003 964 4119 signifypthe
982 4021 1050 4105 selme
1065 4069 1095 4104 os
1105 4057 1113 4083 ‘
1122 4055 1178 4104 cul·

260 4120 403 4186 'Nibingd
422 4123 461 4173 of
468 4124 519 4172 this
530 4124 602 4173 word
613 4124 689 4175 Matt.
714 4128 873 4189 vertegium!
919 4126 1045 4188 Nidering
1069 4126 1093 4174 is
1117 4139 1178 4187 sup·

226 4194 302 4242 Paris
313 4194 400 4242 writes
411 4194 419 4223 ‘
429 4194 548 4257 Nithing,
558 4194 626 4257 qnod
640 4194 690 4243 La·
714 4198 795 4259 posed
813 4198 848 4259 by
865 4196 970 4245 Somner
991 4195 1114 4263 (Garelk.
1132 4193 1177 4261 56)

222 4264 275 4312 tine
296 4277 405 4323 nequam
423 4266 557 4313 recenseri.
601 4264 689 4327 Angli,
714 4273 740 4316 to
752 4267 842 4316 denote
854 4266 917 4315 such
928 4281 957 4316 as
968 4282 1036 4316 were
1052 4266 1178 4315 infamous

226 4335 270 4394 qui
281 4333 345 4382 nihil
357 4334 563 4385 contumeliosius
574 4338 600 4383 et
611 4334 689 4385 vilius
714 4336 816 4400 enough
825 4342 852 4386 to
862 4336 916 4386 rille
927 4352 943 4386 a
953 4337 1020 4387 dead
1030 4336 1106 4398 body.
