3142 5025
182 564 189 577 ,
221 522 292 570 nin.
309 506 361 587 v.]
454 523 567 572 cnsra
591 522 717 573 ancon
741 522 954 572 Anononuu.
1106 509 1171 573 661

220 698 392 745 cameram
407 700 486 763 quae
509 687 562 744 est
579 686 661 743 ante
683 678 933 744 confessionem
951 681 1064 745 sancti
1079 680 1168 747 Gre-
1179 698 1303 790 Repulsi&

219 781 320 861 gorii,
343 788 384 845 ut
405 781 453 844 ibi
475 780 662 862 deponeret
684 779 896 861 apostolicus
919 798 984 843 sua
1008 762 1313 848 sacerdo-alne·

220 880 317 957 talia,
334 881 523 962 imperator
538 887 653 943 autem
677 898 741 942 sua
763 879 906 960 regalia.
960 880 1166 962 Imperatori
1180 850 1295 901 mm

205 986 335 1053 autem
349 978 491 1044 exeunti
503 979 546 1041 de
560 997 708 1054 camera,
724 986 760 1042 et
773 978 845 1041 suis
858 978 1032 1060 regalibus
1046 988 1166 1060 exuto,

219 1085 442 1143 occurrerunt
465 1077 615 1144 Romani
639 1078 776 1159 patricii
798 1097 876 1141 cum
899 1097 1003 1143 aureo
1025 1080 1165 1160 circulo,

219 1197 320 1260 quem
347 1178 585 1260 imposuerunt
610 1177 810 1258 imperatori
836 1177 1021 1259 incapite,
1047 1187 1082 1243 et
1103 1199 1166 1262 per

218 1296 296 1340 eum
313 1277 481 1341 dederunt
495 1277 561 1340 sibi
574 1295 744 1339 summurn
758 1276 979 1359 patriciatum
995 1276 1164 1346 Romanae

219 1378 327 1454 urbis,
361 1376 533 1441 communi
567 1395 737 1440 consensu
772 1376 926 1439 omnium
963 1383 999 1440 et
1033 1378 1164 1444 volenti

219 1476 346 1541 animo.

269 1575 379 1658 §426.
402 1575 547 1641 Omnem
564 1575 652 1639 hano
669 1576 891 1640 ambitionem
904 1575 1163 1659 privilegiorum

218 1682 254 1739 et
267 1677 548 1753 consecrationis,
563 1676 668 1739 verbo
682 1674 725 1738 de
740 1676 878 1757 scriptis
894 1675 1032 1759 praefati
1047 1676 1164 1741 David

217 1776 392 1852 transtuli,
404 1794 481 1858 quae
498 1775 557 1839 ille
571 1773 628 1861 (ut
644 1772 735 1859 dixi)
750 1775 893 1857 pronius
904 1794 1008 1857 quam
1024 1775 1163 1840 deberet

218 1873 262 1937 ad
286 1875 434 1956 gratiam
459 1876 551 1957 rego's
575 1873 732 1938 inflectit.
785 1873 950 1956 Sequenti
966 1894 1049 1939 vero
1071 1889 1297 1939 annot-Mm-

216 1982 467 2055 oongregatum
480 1982 535 2038 est
548 1973 731 2037 concilium
749 1972 884 2052 Rornae,
898 1994 967 2038 non
983 1981 1055 2037 tarn
1073 1994 1162 2057 prae·

217 2072 365 2155 cipiente
388 2093 492 2156 quam
521 2072 726 2137 connivente
754 2091 859 2156 papa,
884 2080 919 2137 et
944 2073 1162 2155 privilegium

217 2171 303 2236 illud
318 2172 453 2236 irritum
467 2172 598 2236 sactum
615 2178 679 2235 est.
717 2169 891 2235 Auctores
907 2171 1003 2235 fuere
1019 2172 1163 2256 hujusce

217 2273 419 2337 mutationis
429 2271 707 2353 archiepiscopus
719 2264 957 2348 ¹ViennensiS,
968 2272 1028 2354 qui
1041 2281 1163 2355 postea

216 2371 332 2435 sedem
356 2372 581 2454 apostolicam
604 2371 707 2447 rexit,
734 2378 770 2434 et
794 2371 976 2453 episcopus
1000 2371 1162 2452 Engolis-

217 2472 357 2549 mensis,
372 2470 542 2537 Girardus
553 2470 701 2548 nomine,
719 2469 779 2553 qui
793 2470 1015 2553 coepiscopos
1029 2471 1073 2536 ad
1087 2470 1162 2537 baec

217 2572 450 2636 exinanienda
463 2571 657 2636 irritabant.
710 2570 798 2654 Ejus
813 2589 896 2652 ergo
918 2571 1054 2635 concilii
1069 2573 1161 2638 actio

217 2669 291 2735 haec
309 2678 373 2738 est.

237 2771 240 2780 ’
268 2768 376 2852 5427.
394 2768 497 2834 Anno
513 2772 557 2835 ab
570 2771 809 2835 incarnatione
824 2771 966 2836 Domini
981 2771 1162 2835 millesimo
1174 2785 1290 2875 mapa

217 2870 404 2934 centesimo
433 2870 647 2948 duodecimo,
680 2871 868 2934 indictione
904 2871 1038 2953 quinta,
1069 2891 1161 2936 anno
1174 2862 1297 2976 ffffssfl,

215 2960 454 3052 ²pontificatus
470 2970 598 3034 domini
620 2990 720 3053 papae
738 2968 919 3034 Paschalis
935 2971 1077 3034 secundi
1092 2979 1161 3036 ter·
1195 2965 1200 2975 '
1224 2962 1229 2976 '

215 3069 410 3146 tiodecimo,
427 3089 544 3132 mense
563 3068 705 3147 Martio,
719 3070 974 3152 quintodecimo
995 3068 1162 3135 kalendas

101 3225 107 3238 ,
216 3164 360 3250 Aprilis,
385 3169 596 3233 celebratum
621 3177 675 3234 est
701 3170 883 3233 concilium
909 3169 1033 3234 Romae
1057 3171 1161 3235 Late·

217 3268 311 3330 ranis
333 3268 370 3332 in
385 3261 546 3333 ³basilica
569 3267 868 3332 Constantiniana.
922 3268 966 3331 In
987 3288 1057 3350 qua
1083 3290 1161 3334 curn

216 3365 375 3431 dominus
398 3386 492 3450 papa
514 3367 695 3433 Paschalis
723 3367 919 3443 resedisset,
947 3387 1026 3431 oum
1050 3369 1161 3432 archi·

216 3466 399 3549 episcopis,
424 3474 460 3531 et
484 3467 666 3550 episcopis,
693 3474 728 3532 et
747 3466 991 3543 cardinalibus,
1011 3476 1046 3532 et
1063 3470 1163 3532 varia

215 3565 435 3631 multitudine
465 3566 665 3631 clericorum
694 3575 729 3630 et
757 3566 936 3643 laicorum,
962 3567 1085 3631 ultima
1107 3567 1162 3632 die

214 3666 363 3743 concilii,
380 3665 473 3730 saeta
492 3685 608 3730 coram
626 3665 784 3730 omnibus
807 3663 1019 3746 professione
1041 3667 1161 3731 catho-

214 3763 290 3828 licae
306 3764 397 3843 fidei,
410 3784 454 3829 ne
468 3766 546 3848 quis
568 3765 611 3829 de
632 3764 699 3828 fide
724 3764 833 3846 ipsius
849 3764 1034 3842 dubitaret,
1050 3764 1160 3830 dixit:

249 4045 439 4110 wamma]
455 4046 489 4097 A.
508 4047 537 4097 s.
551 4049 580 4099 c.
597 4047 632 4096 n.
644 4047 676 4096 n.
734 4017 941 4086 *naamam
966 4020 1000 4072 Δ.
1025 4023 1055 4072 c·
1075 4021 1110 4071 D.
1132 4023 1163 4072 u.

210 4117 602 4251 Ιιὲοῗ3;-Ε2ᾗᾞῗ;ηαθῐὲθβὶῦ,1)ἒρθ
612 4116 678 4236 (νοΐ
700 4090 1099 4224 ιζ’ὲαῗῖἓιῗθὲοῗεΐῗθέίηἰθηα.]
1110 4160 1164 4210 The

208 4258 288 4307 uxta„
300 4257 338 4309 ῃ,
702 4229 797 4280 churoh
814 4231 880 4280 built
895 4232 929 4292 by
941 4230 1104 4281 Constantine
1122 4231 1164 4279 the

703 4300 792 4352 Great.

951 4374 973 4437 2
990 4389 1015 4438 x
