3142 5025
188 533 348 615 manu]
416 547 532 597 onera
554 547 682 597 nnoou
705 549 921 598 aserenon.
1079 537 1144 601 451

188 709 334 773 alesiam
348 705 523 782 monachi,
538 712 661 769 saneto
681 705 786 770 altari
800 707 958 772 miserias
973 725 1058 771 suas
1073 702 1146 772 'im

188 809 400 890 gemebant3
423 805 486 868 sed
507 806 777 887 irrumpentibus
801 806 982 883 militibus,
1004 807 1075 872 dtio
1097 828 1145 872 ex

189 907 242 970 eis
264 905 453 981 interfecti,
472 904 734 986 quatuordeeim
749 905 937 982 vulnerati,
951 905 1071 970 caeteri
1091 927 1145 971 re-

188 1005 296 1088 pulsi,
317 1023 401 1068 nam
416 1011 453 1066 et
466 1003 563 1068 furor
578 1003 728 1068 militum
742 1005 849 1067 etiam
866 1004 1072 1069 crucifixum
1085 1024 1144 1069 sa·

189 1104 291 1185 gittis
319 1103 499 1167 inhorrere
528 1101 670 1166 fecerat.
721 1102 842 1187 Hujus
864 1123 968 1168 noxie
1000 1105 1145 1170 crimine

189 1203 383 1267 infamatus
399 1202 520 1278 abbas,
534 1207 609 1264 tota
617 1201 693 1264 vita
707 1203 801 1282 regis
816 1202 924 1267 exilio
938 1202 1145 1286 deportatus

190 1309 269 1380 est;
303 1319 415 1383 eoque
438 1299 615 1376 defuneto,
647 1319 711 1382 pro
743 1300 980 1383 redemptione
1010 1304 1145 1384 peceati

190 1400 422 1464 auxiliaribus
446 1405 675 1462 annumerata
702 1400 862 1482 pecunia
890 1399 1013 1465 bonori
1042 1403 1146 1466 resti·

188 1507 290 1563 tutus
307 1505 374 1562 est.

243 1598 357 1682 5271.
381 1594 594 1660 Miserabilis
608 1602 645 1658 et
660 1594 807 1659 infanda
825 1595 940 1659 ooedes
951 1589 1145 1661 'walkerii
1156 1623 1278 1668 noma

191 1694 440 1762 Dunelmensis
464 1694 631 1777 opums,
648 1713 750 1776 quem
767 1693 1055 1759 Nouembri
1080 1675 1278 1778 po-db‘fld

190 1796 309 1879 pulos,
329 1813 467 1876 semper
489 1793 670 1856 rebellioni
693 1792 843 1869 deditus,
867 1794 1004 1877 abjecto
1024 1813 1144 1858 saero-
1156 1775 1279 1866 m,

146 1956 153 1971 ,
191 1914 271 1958 rum
284 1894 447 1958 ordinum
457 1899 631 1974 respectu,
641 1891 761 1954 multis
773 1891 971 1973 impetitam
982 1894 1145 1958 eonvitiis

191 1994 427 2057 trucidarunt.
487 1991 603 2054 Fusus
632 1990 681 2053 ibi
710 2009 781 2054 non
813 2009 947 2073 pauens
980 2011 1146 2056 numerus

192 2091 503 2172 lotharingorum,
522 2089 615 2171 quod
641 2089 771 2171 praesul
796 2090 874 2171 ipse
895 2091 1048 2154 nationis
1069 2091 1146 2175 ejus

192 2198 282 2255 erat.
334 2189 455 2254 Causa
481 2187 588 2252 eeadis
614 2187 690 2251 baec
720 2187 807 2252 fuit:
843 2196 920 2252 erat
950 2189 1147 2272 episeopus,

191 2297 324 2372 praeter
344 2286 601 2371 pontificatum,
631 2280 768 2350 ⁸eustos
797 2288 908 2350 totius
936 2288 1145 2369 comitatus3

191 2388 469 2472 praefeceratque
484 2386 588 2448 rebus
601 2384 797 2448 forensibus
810 2383 1046 2449 Gislebertum
1062 2406 1146 2469 eog-

193 2495 330 2564 natum,
363 2484 584 2550 interioribus
608 2482 799 2548 leobinum
826 2483 1001 2562 clericum,
1025 2486 1146 2550 ambos

191 2588 231 2651 in
243 2588 349 2651 nebus
363 2583 557 2649 commissis
572 2590 732 2647 strenuos
746 2582 809 2647 sed
822 2582 991 2647 effiaenffi
1041 2584 1147 2649 Tole-

191 2687 297 2749 rabat
312 2685 497 2766 episeopus
510 2700 631 2746 eornm
644 2681 909 2759 immodestiam,
925 2682 1041 2764 gratia
1057 2691 1146 2749 stre-

191 2784 341 2848 unitatis
364 2782 550 2859 induetus3
572 2788 621 2856 et,
646 2781 730 2861 quia
757 2799 818 2845 eos
838 2781 1005 2858 elevarat,
1026 2800 1148 2846 cumu-

191 2883 268 2947 lum
284 2880 511 2963 benignitatis
527 2879 690 2960 augebat.
736 2877 903 2960 Indulget
917 2881 1008 2943 euim
1020 2888 1148 2945 natura

193 2980 274 3058 sibi,
301 2978 510 3063 placidoque
532 2976 653 3040 favore
676 2976 750 3039 suis
774 2977 905 3041 arridet
926 2979 1006 3061 ipsa
1027 2998 1148 3044 muue-

191 3080 303 3144 ribus.
356 3078 395 3142 Is
428 3075 603 3140 Leobinus
629 3074 794 3151 liulfum,
818 3076 1011 3141 beatissimi
1038 3076 1149 3142 cnm.

189 3179 286 3243 berti
310 3176 520 3251 ministrum,
543 3173 630 3237 adeo
651 3172 818 3237 dileetmn
842 3181 884 3238 ut
902 3176 980 3257 ipse
1003 3185 1147 3241 sanetus

190 3296 313 3342 eoram
344 3274 509 3357 vigilanti
540 3272 708 3336 maidens
739 3272 872 3353 placita
899 3274 1149 3356 imperaret...

192 3376 300 3452 hune,
321 3374 477 3456 inquam,
492 3369 647 3434 liulfum
668 3389 731 3452 per
751 3368 987 3436 Gislebertum
1003 3375 1148 3439 obtrun-

188 3475 268 3539 oari
294 3473 390 3549 fecit,
419 3471 530 3535 livore
553 3470 645 3532 ictus
667 3469 761 3550 quod
785 3470 964 3552 amplioris
983 3473 1148 3537 amicitia

192 3575 311 3638 loeum
325 3569 420 3653 apud
441 3566 653 3651 pontificem,
670 3586 734 3649 pro
757 3570 971 3634 conscientia
986 3578 1023 3635 et
1039 3573 1149 3654 tequi-

141 3724 144 3730 .
191 3680 269 3737 tate
306 3668 534 3754 judiciorum,
572 3665 727 3731 baberet.
794 3666 982 3733 Perculsus
1020 3672 1149 3737 nuncio

230 3956 436 4030 Urguebat]
456 3962 487 4011 G.
498 3960 534 4011 D.
545 3961 596 4021 Ε.;
614 3974 660 4022 up·
685 3960 789 4023 bisbops
807 3963 838 4011 os
854 3963 972 4013 Durbsm
987 3979 1056 4033 orere
1075 3967 1148 4028 pale·

189 4030 584 4156 semitam
610 4097 661 4161 a
684 4031 777 4159 {tlt
788 4031 946 4151 tasas
960 4033 1089 4165 «ζὲψῖ
1103 4036 1147 4085 ²¹¹⁰

190 4174 288 4239 mys]
317 4169 415 4232 Bishop
437 4168 585 4217 walkerius
606 4181 662 4216 was
685 4172 801 4217 betatem
818 4171 845 4218 iu
860 4172 1025 4222 omnbus‘ss
1041 4120 1150 4235 fullypz

194 4236 661 4297 murderedontbelstolbtsylbso.
687 4237 729 4285 tbe
756 4236 821 4299 king
846 4238 898 4289 had
927 4242 955 4289 in
980 4242 1022 4291 bis
1050 4246 1149 4305 pulses.

231 4308 434 4363 westanae·
443 4306 594 4368 emitum]
609 4306 663 4355 l'he
687 4306 1044 4374 (remunerante.)
