3142 5025
411 526 476 591 690
698 541 871 589 nrsronrn
895 538 1075 587 novrum.
1234 522 1319 603 [010.
1336 535 1360 582 1.

410 699 502 762 inter
524 716 562 761 se
584 705 619 761 01
633 694 921 778 Andegavcnsem
941 691 1100 761 comitem
1124 713 1245 777 pacem
1268 700 1361 759 com-

411 805 568 881 poneret.
620 797 749 861 Mirum
773 795 863 859 enim
889 795 927 859 in
953 795 1093 858 modum
1111 795 1166 858 vir
1190 795 1261 872 ille,
1287 816 1360 859 om-

412 899 506 961 nium
523 916 642 979 regum
658 915 746 980 quos
763 903 884 959 nostra
897 902 933 961 et
943 895 1048 959 etiam
1068 901 1206 977 patrum
1225 902 1360 960 nostro·

412 1017 488 1060 rum
514 1003 610 1061 tenet
632 996 798 1060 memoria
816 995 1001 1073 maximus,
1027 1002 1224 1077 suspectam
1245 1002 1360 1060 tamen

412 1116 547 1180 semper
560 1097 681 1160 habuit
695 1094 1001 1178 Andegavensium
1018 1094 1218 1177 potentiam.
1266 1094 1360 1159 Hinc

411 1196 571 1280 estquod
589 1189 812 1278 ¹sponsalitia
827 1213 905 1277 quae
920 1193 1118 1258 Willelmus
1131 1214 1239 1277 nepos
1263 1214 1359 1272 suus,

411 1316 526 1360 comcs
549 1302 672 1378 postea
692 1295 880 1372 Flandriae,
894 1314 973 1358 eum
995 1294 1068 1357 filia
1088 1294 1225 1358 comitis
1242 1292 1359 1358 Ande-

410 1396 573 1477 gevensis
598 1395 775 1472 Fulconis,
798 1401 920 1477 postea
941 1395 1034 1475 regis
1058 1393 1359 1477 lerosolymorum,

410 1502 652 1560 contracturus
663 1514 738 1559 esse
747 1488 958 1572 'videbatun
972 1493 1132 1558 dissolvit
1148 1500 1183 1558 et
1197 1495 1358 1559 cessavit.

411 1595 506 1658 Hinc
539 1595 713 1676 estquod
741 1594 847 1657 aliam
872 1594 1026 1678 ejusdem
1056 1593 1164 1657 filiam
1191 1594 1264 1659 11110
1295 1614 1359 1659 suo

410 1694 587 1759 Willelmo
602 1693 734 1776 impubi
750 1693 907 1758 vixdum
919 1693 1130 1758 adolescenti
1147 1687 1357 1777 ³c0njunxit.

411 1794 507 1857 Hinc
531 1801 584 1858 est
610 1794 702 1876 quod
725 1794 815 1858 hane
835 1793 942 1857 filiam
966 1812 1063 1857 suern
1085 1792 1147 1879 (de
1171 1814 1241 1876 qua
1267 1794 1360 1858 ince-

410 1894 523 1976 pimus
539 1890 665 1978 loqui),
676 1900 757 1977 post
771 1893 1031 1977 imperatorium
1045 1893 1195 1970 thorum,
1204 1894 1358 1977 ejusdem

412 1993 575 2058 Fulconis
613 1993 684 2057 filio
716 2001 863 2076 nuptum
892 1994 1090 2070 collocavit,
1127 1993 1218 2058 sicut
1246 2013 1359 2058 sermo

409 2094 599 2176 procedens
612 2093 726 2159 dicere
741 2100 876 2176 perget.

597 2282 645 2329 DE
668 2282 836 2331 conelnlo
859 2280 993 2329 HABITO
1016 2280 1172 2329 loNnon.

248 2409 370 2451 00010
461 2389 536 2473 §2
564 2389 669 2457 Anno
696 2391 861 2455 vicesimo
888 2389 1036 2472 septimo
1065 2381 1182 2473 ⁴regni
1210 2390 1265 2453 sui
1295 2411 1358 2455 rex

410 2489 586 2556 Henricus
611 2489 777 2573 Angliam
803 2490 899 2555 venit
924 2508 1041 2554 mense
1067 2488 1272 2573 Septembri,
1298 2490 1359 2555 ad-

247 2605 374 2645 eettlement
409 2590 538 2655 ducens
556 2611 673 2656 secum
688 2591 795 2655 filiam
809 2610 920 2654 suem.
957 2589 1123 2653 Proximo
1136 2610 1219 2654 vero
1236 2589 1358 2654 Natali

247 2655 346 2746 1131111
348 2666 368 2696 ‘²
410 2691 552 2756 Domini
573 2699 764 2760 convocato
780 2690 874 2773 apud
889 2688 1104 2754 Londoniam
1126 2708 1253 2772 magno
1273 2692 1359 2755 cleri

409 2797 445 2856 et
458 2792 663 2873 optimatum
679 2811 834 2868 numero,
851 2791 953 2854 uxori
968 2808 1055 2867 suae,
1075 2789 1157 2853 filiae
1171 2790 1269 2854 ducis
1288 2791 1357 2855 Lo-

409 2893 608 2969 vannensis,
631 2911 735 2974 quam
756 2897 837 2973 post
859 2891 990 2954 obitum
1017 2889 1176 2953 Matildis
1196 2890 1358 2969 duxerat,

408 2991 609 3054 comitatum
646 2990 889 3072 Selopesbiriae
919 2990 1033 3054 dedit:
1066 3009 1170 3071 quam
1196 2990 1358 3056 videlicet

408 3089 585 3154 foeminam
603 3089 724 3153 dolens
741 3109 811 3154 non
835 3091 1028 3172 concipere,
1043 3090 1122 3153 dum
1138 3096 1174 3154 et
1189 3099 1357 3173 perpetuo

408 3189 561 3254 sterilem
577 3189 652 3254 fore
668 3190 817 3266 timeret,
835 3188 879 3253 de
894 3209 1093 3256 successore
1115 3191 1212 3272 regni
1235 3191 1371 3255 merito.

408 3289 534 3353 anxius
548 3289 736 3372 cogitabat.
790 3289 845 3353 De
861 3309 981 3372 quare
997 3296 1101 3353 antea
1117 3290 1263 3353 multum
1280 3290 1356 3354 diu-

409 3409 476 3472 que
488 3383 725 3455 ⁵considerato
748 3390 906 3467 consilio,
923 3395 1006 3454 tunc
1023 3390 1060 3452 iu
1074 3389 1195 3454 codem
1212 3390 1358 3454 concilio

407 3509 527 3555 omnes
545 3491 652 3556 totius
674 3489 815 3571 Angliae
832 3490 1028 3572 optimates,
1049 3489 1231 3573 episcopos
1252 3491 1357 3555 etiem

408 3596 444 3653 et
456 3591 613 3667 abbates,
626 3597 843 3654 sacramento
859 3589 979 3671 adegit
994 3595 1030 3652 et
1044 3589 1244 3667 obstrinxit,
1260 3598 1313 3667 ut,
1326 3591 1357 3654 si

406 3690 480 3773 ipse
511 3689 585 3755 sine
612 3689 747 3753 haerede
775 3689 930 3753 masculo
956 3688 1148 3766 decederet,
1174 3689 1357 3754 Matildem

406 3789 512 3854 filiam
535 3809 634 3854 suam
651 3789 825 3873 quondam
846 3787 1098 3871 imperatricem
1120 3788 1358 3854 incunctanter

441 4044 809 4111 ¹s90m1cn...0met.]
821 4047 869 4097 see
928 4045 1137 4111 magnatus.
1149 4030 1357 4109 000001,

405 4117 419 4179 §
430 4121 489 4179 419,
500 4133 526 4178 p.
538 4121 597 4178 654,
607 4121 665 4167 note
675 4114 695 4168 ².
892 4118 996 4167 omitted
1006 4119 1033 4166 in
1045 4119 1101 4166 El.

440 4183 450 4217 ²
463 4187 628 4252 Videbatur]
653 4188 686 4238 E.
694 4202 717 4249 ;-
727 4187 870 4250 dicebatur,

406 4257 434 4306 S.
449 4258 479 4307 C.
490 4257 526 4306 D.
538 4257 592 4307 Lo.
928 4253 939 4284 ⁸
952 4250 1131 4324 Considerata]
1153 4257 1187 4306 Ε.
1203 4257 1275 4317 Lr.;
1293 4257 1359 4306 deli·

440 4321 617 4394 1001000011]
630 4327 677 4376 See
688 4327 867 4390 1411101162.
891 4328 989 4396 beruto,
999 4327 1028 4376 S.
1042 4329 1089 4387 G.;
1106 4326 1258 4390 desiderato,
1270 4327 1304 4377 D.
