3142 5025
209 555 363 636 mara]
439 571 552 620 susm
576 571 703 619 nnuun
727 570 942 619 uncuosou.
1098 557 1164 621 569

211 725 272 806 qui
289 725 470 788 vocalibus
487 724 610 788 fidibus
626 725 769 802 auritos,
792 731 831 788 ut
845 724 983 802 dicitur,
1001 729 1162 809 scopulos

211 825 322 900 flexit,
336 830 543 906 resurgeret.
595 822 778 906 cogitetur
801 824 908 906 igitur
923 824 1040 906 potius
1057 847 1161 909 quam

212 925 361 987 dicatur.

261 1023 279 1106 ξ
300 1022 377 1086 379.
411 1020 503 1084 Illud
530 1021 667 1102 insigne
691 1021 912 1086 continentiae
939 1023 976 1086 in
1000 1025 1159 1090 omnibus
1172 1042 1313 1088 soranam

210 1122 435 1205 optimatibus
461 1120 657 1203 exemplum
677 1119 755 1197 fuit,
772 1121 865 1203 quod
879 1141 944 1185 nec
958 1142 999 1186 eo
1013 1122 1081 1201 die,
1095 1145 1159 1189 nec
1171 1093 1298 1184 lillssf‘l'

209 1220 512 1303 consequentibus,
530 1221 714 1302 quisquam
738 1228 897 1302 respectu
922 1222 1049 1303 praedae
1073 1243 1158 1288 avo-

209 1321 304 1384 cavit
327 1321 478 1383 animum
495 1319 580 1402 quin
603 1324 755 1401 coeptum
782 1327 1070 1402 persequerentur
1095 1325 1156 1387 tri·
1227 1369 1230 1374 -

208 1419 386 1501 umpbum.
438 1418 540 1482 Solus
555 1417 769 1496 Tancredus‚
792 1419 1036 1501 intempestiva
1058 1423 1156 1504 cupi·

208 1519 288 1582 dine
301 1523 503 1600 occupatus,
519 1517 680 1599 quaedam
698 1516 949 1600 pretiosissima
967 1519 1010 1584 de
1028 1521 1157 1603 templo

208 1618 404 1682 Salomonis
425 1616 571 1696 extulit3
595 1617 656 1680 sed
680 1618 912 1700 postmodum,
935 1638 1000 1682 sua
1024 1622 1157 1683 consci-

208 1719 303 1781 entia
328 1723 363 1780 et
386 1716 532 1780 aliorum
553 1723 743 1780 conventus
760 1717 945 1800 colloquio,
963 1718 1019 1782 vel
1037 1719 1156 1783 eadem

145 1809 152 1816 ⁴
207 1817 265 1881 vel
295 1815 496 1899 appreciata
524 1815 600 1879 loco
632 1817 795 1880 restituit.
846 1816 936 1880 Tum
961 1819 1156 1902 quicunque

208 1935 341 1998 egenus
355 1916 411 1980 vel
434 1914 574 1978 domum
595 1916 650 1978 vel
677 1916 811 1998 aliquas
837 1916 977 1981 divitias
1004 1918 1153 1998 invasit3

208 2034 386 2097 nunquam
411 2014 555 2078 ulterius
584 2015 687 2077 ullius
717 2015 901 2097 locupletis
930 2017 1010 2081 tulit
1036 2020 1154 2082 convi-

209 2116 308 2192 tium,
324 2114 384 2178 sed
405 2114 511 2177 sem'el
535 2133 696 2196 possessa
711 2114 746 2177 in
766 2115 826 2198 jus
850 2116 1031 2197 adoptavit
1046 2118 1154 2182 haere·

207 2214 382 2278 ditarium.
436 2213 511 2277 Nec
535 2233 643 2290 mora,
659 2214 883 2296 praelucidum
906 2214 992 2278 illud
1007 2201 1153 2280 Christi·
1167 2233 1272 2324 quaeq

209 2333 287 2378 anae
311 2313 502 2377 nobilitatis
528 2313 698 2394 specular,
720 2313 756 2374 in
778 2332 847 2395 quo
864 2314 1018 2377 velutin
1040 2294 1244 2398 splen·emen
1273 2284 1315 2335 Μ’

207 2413 289 2477 dido
312 2412 468 2476 lacunari
492 2413 643 2475 omnium
668 2412 836 2476 virtutum
860 2414 1156 2493 repercutiebatur

204 2514 323 2597 jubar,
349 2506 584 2589 ¹Godeiridus,
614 2513 651 2576 in
674 2532 791 2594 regem
820 2510 970 2593 eligitur,
996 2516 1154 2579 omnibus

207 2633 278 2677 non
294 2614 425 2694 ignava
446 2631 508 2693 spe
531 2611 798 2688 conferentibus,
812 2611 908 2675 nullo
932 2612 1033 2677 modo
1053 2634 1155 2696 posse

207 2712 386 2776 decentius
416 2711 568 2793 prospici
592 2710 746 2775 ecclesiae
769 2711 1003 2791 utilitatibus3
1027 2706 1154 2779 ²dilato

207 2811 346 2875 interim
363 2811 406 2874 de
421 2810 618 2892 patriarcha
635 2811 792 2887 consilio,
812 2811 871 2892 qui
887 2811 1038 2875 Romani
1053 2832 1154 2896 papae

206 2911 348 2975 deberet
362 2910 526 2973 substitui
538 2908 681 2992 judicio.

259 3011 277 3094 §
301 3009 378 3074 371.
401 3007 452 3072 At
478 3028 559 3072 vero
585 3007 774 3091 Babylonis
796 3009 995 3091 imperator,
1021 3029 1090 3074 nou
1112 3011 1154 3074 il·
1167 3029 1320 3071 unsaltan

206 3110 275 3173 lius
288 3128 379 3191 quac,
397 3127 419 3171 a
436 3106 630 3171 Nembroth
646 3107 751 3184 iacta,
768 3126 791 3170 a
807 3108 1029 3173 Semiramide
1050 3118 1155 3175 aucta
1167 3081 1290 3179 iiiii'ioo,

206 3202 301 3273 'esse
324 3207 510 3285 asseritur3
533 3206 593 3269 sed
617 3206 836 3288 illiusquam
860 3206 1048 3291 Cambyses
1072 3209 1155 3293 Cyri
1169 3180 1222 3230 Μ’
1235 3182 1265 3221 ¹²⁶

206 3309 300 3372 filius
318 3302 503 3372 aedificavit
516 3305 552 3367 in
570 3306 739 3388 AEgypto,
755 3305 792 3367 in
806 3305 883 3370 loco
906 3307 965 3370 ubi
980 3310 1154 3388 quondam

207 3407 322 3471 fuerat
348 3404 798 3487 Thaphnis‚-imperator
826 3424 909 3487 ergo
950 3406 1154 3490 Babylonis,

240 3652 249 3685 ¹
259 3654 407 3715 Godqsridur
418 3654 445 3702 in
456 3668 536 3715 regem
543 3652 668 3716 eligitur]
693 3652 738 3700 did
749 3656 793 3701 not
802 3651 853 3700 live
864 3656 890 3701 to
901 3652 963 3701 hear
973 3654 1002 3703 of
1010 3654 1052 3704 the
1064 3670 1155 3705 memo-

205 3726 268 3774 Tbis
279 3725 371 3774 devout
385 3723 487 3785 pilgrim
504 3723 613 3785 rejected
626 3721 668 3771 the
693 3722 763 3770 ruble
773 3726 862 3781 eveut;
873 3721 906 3771 he
914 3722 974 3771 died
985 3724 1044 3772 aoth
1053 3724 1082 3771 oi
1090 3727 1154 3787 July

204 3792 493 3854 uumeaudensigusoi
505 3793 669 3853 royultyina
694 3794 767 3852 1999,
788 3790 902 3839 fourteen
930 3791 994 3853 days
1020 3794 1085 3842 nster
1112 3794 1154 3845 the

203 3866 256 3925 city
267 3865 352 3912 where
363 3862 404 3911 his
414 3862 521 3910 Suriour
537 3860 589 3910 had
605 3863 669 3910 been
690 3865 812 3922 conquest
830 3858 859 3907 of
876 3860 1028 3911 Jerusalem.
1065 3862 1155 3911 Daim-

205 3933 324 3981 crowned
345 3932 409 3979 with
430 3931 531 3979 thorus:
556 3930 588 3979 he
611 3946 669 3979 con·
691 3930 744 3978 bert
754 3929 905 3990 archbisbop
925 3930 953 3978 of
971 3930 1098 3980 Pisawas
1115 3934 1154 3981 in-

204 4003 291 4051 teuted
308 4000 412 4050 himself
425 3999 488 4047 with
507 4000 549 4048 tbe
572 4000 669 4049 modest
690 4000 791 4061 stalled,
799 3998 906 4049 without
916 4001 1095 4061 acorupetitor,
1104 4016 1152 4062 pa-

204 4073 260 4120 title
271 4070 300 4120 of
314 4069 460 4119 ‘Defendet
475 4069 526 4117 aud
543 4069 627 4117 Baton
643 4069 672 4118 ot
690 4070 782 4118 triarcb
801 4068 830 4116 of
843 4069 995 4118 Jerusalem.
1012 4070 1073 4135 (See
1090 4072 1153 4118 Wil-

204 4142 248 4190 the
261 4140 331 4201 Holy
343 4137 500 4200 Sepulcbre.’
690 4139 750 4186 liam
769 4138 799 4185 of
814 4138 945 4199 Tyre,lib.
958 4152 995 4187 rx.
1008 4154 1032 4188 c.
1045 4144 1153 4203 15-18,

241 4208 349 4258 'Diluta
367 4206 467 4256 iuterim
480 4208 510 4255 de
526 4206 669 4268 patriarcba
691 4207 741 4255 aud
752 4208 798 4255 lib.
810 4220 836 4255 x.
849 4212 874 4268 4,
886 4211 910 4268 7,
922 4204 960 4271 9.)

204 4280 316 4339 amilio,
326 4277 369 4341 qui
379 4276 484 4325 manuni
494 4290 563 4338 pupoe
574 4276 669 4324 deberet
726 4274 810 4323 'Esse
820 4277 960 4339 assentiam]
977 4278 1012 4325 D.
1027 4278 1074 4338 E.;
1085 4294 1153 4329 nuuc

202 4348 320 4398 substitui
340 4346 458 4409 judicia]
487 4346 559 4407 Pope
582 4346 669 4395 Urbuu
691 4346 814 4394 asseritur
824 4346 934 4408 deserta,
945 4346 977 4396 A.
990 4348 1019 4398 S.
1034 4351 1063 4398 C.
1075 4350 1107 4399 L.
