3142 5025
222 535 291 582 nra.
308 517 374 598 1v.]
450 531 564 582 casua
589 532 715 581 uacua
739 533 954 582 aucuoauu.
1105 520 1171 585 523

221 691 429 774 praesidebat
445 689 636 771 apostolico
651 688 804 766 culmini,
818 691 933 754 evasis
947 689 1098 773 Alpibus
1109 711 1170 756 ve·

223 791 275 855 nit
298 792 334 854 in
363 788 519 854 Gallias:
554 789 725 853 adventus
756 807 864 854 causa
887 789 1062 855 ferebatur
1089 811 1168 874 por·

221 891 354 973 spicue,
377 888 482 971 quod,
496 888 662 952 violentia
679 886 840 952 Guiberti
857 888 973 954 Roma
993 898 1169 969 extrusus,

222 991 494 1054 citramontanas
507 987 551 1051 ad
571 989 626 1052 sui
642 990 872 1052 reverentiam
895 990 1098 1056 sollicitaret
1112 1010 1169 1054 ec·

222 1089 358 1154 clasiae.
399 1087 492 1151 Illud
509 1087 694 1170 repositius
710 1089 926 1170 propositum
941 1110 1010 1153 non
1026 1091 1078 1155 ita
1090 1090 1168 1154 vul·

223 1190 384 1271 gebatur,
401 1186 494 1269 quod
508 1186 703 1251 Boamundi
719 1187 863 1251 consilio
877 1207 964 1270 pene
976 1197 1088 1254 totam
1097 1190 1168 1254 Eu·
1199 1226 1202 1232 ·

223 1305 345 1372 rapam
368 1289 405 1351 in
427 1284 621 1354 Asiaticam
639 1287 895 1369 expeditionem
916 1296 1092 1369 moveret3
1116 1298 1168 1368 ut,

223 1389 260 1452 in
291 1394 391 1452 tauto
422 1385 574 1450 tumultu
600 1386 752 1450 omnium
781 1387 1037 1469 provinciarum
1066 1389 1168 1454 facile

223 1487 386 1551 obaeratis
414 1485 654 1563 auxiliaribus,
684 1492 719 1549 ot
745 1485 909 1550 Urbanus
941 1486 1102 1567 Romam,
1132 1497 1168 1554 et

224 1585 448 1651 Boamundus'
473 1584 652 1669 Illyricum
674 1591 709 1648 et
725 1585 978 1664 Macedoniam,
1000 1590 1167 1669 pervade·

224 1694 321 1750 rent:
346 1703 429 1748 nam·
440 1703 498 1747 eas
514 1691 636 1761 terras,
652 1690 687 1747 et
704 1685 866 1766 quicquid
883 1676 1052 1766 praeterea
1066 1706 1088 1751 a
1102 1689 1167 1752 Di·

224 1785 341 1849 rachio
357 1803 466 1865 usque
482 1784 518 1846 in
534 1783 794 1847 Tessalonicam
815 1785 1042 1865 protenditur,
1061 1786 1167 1852 Gais-

224 1885 349 1948 cardus
374 1891 474 1966 pater
498 1901 603 1964 super
619 1881 784 1947 Alexium
803 1885 1023 1966 acquisierat,
1043 1886 1169 1951 iccirco

223 1985 302 2048 illas
319 1983 542 2047 Boamundus
552 1981 625 2065 juri
640 2001 703 2046 suo
727 1991 922 2065 competere
943 1985 1167 2066 clamitabat;

225 2085 325 2166 inops
346 2082 556 2146 haereditatis
571 2079 734 2164 Appulae,
749 2102 854 2164 quam
878 2084 1014 2164 genitor
1027 2084 1169 2167 Rogero

225 2177 358 2248 ¹comiti
374 2180 445 2246 filio
459 2181 693 2263 delegaverat.
742 2181 994 2259 Veruntamen,
1007 2203 1170 2267 quaecun-

225 2302 293 2365 que
320 2280 521 2346 transeundi
545 2279 650 2344 fuerit
676 2281 826 2356 occasio,
855 2301 982 2362 magno
1013 2290 1048 2347 ot
1069 2284 1168 2348 illus·

225 2383 270 2446 tri
300 2381 471 2446 adventus
501 2380 576 2463 ejus
605 2379 671 2443 fuit
694 2379 925 2444 emolumento
948 2381 1167 2448 Christianis.

225 2481 394 2548 Coactum
418 2499 501 2562 ergo
527 2486 581 2545 est
607 2480 699 2563 apud
713 2479 855 2544 Clarum
874 2480 1030 2546 Mentem
1054 2483 1169 2547 couci·

224 2582 320 2658 lium,
338 2600 416 2664 quae
433 2580 624 2644 clarissima
638 2587 692 2644 ost
709 2580 792 2643 urbs
806 2578 1063 2661 Arvernorum
1087 2576 1170 2647 ²nu·

225 2702 340 2746 merus
363 2680 603 2763 episcoporum
628 2687 664 2744 et
685 2680 848 2743 abbatum
873 2682 1018 2744 trecenti
1031 2681 1169 2762 decem;

226 2782 286 2845 ubi
317 2781 452 2862 aliquot
477 2779 596 2843 diebus
627 2780 739 2861 primo
760 2778 804 2842 de
835 2779 1006 2843 catholica
1030 2780 1111 2858 fide,
1134 2790 1170 2845 et

226 2874 335 2944 ³inter
350 2899 388 2945 se
403 2878 643 2943 dissidentium
660 2897 758 2961 pace,
773 2885 944 2942 tractatus
959 2879 1094 2962 prolixe
1107 2881 1170 2944 ha-

225 2981 331 3044 bitus
384 2978 476 3043 Nam
507 2984 634 3061 praeter
663 2977 798 3059 flagitia
827 2978 952 3060 quibus
979 2980 1108 3061 singuli
1129 2980 1171 3044 li·

226 3086 345 3143 center
376 3078 598 3153 incubabant,
630 3077 674 3141 ad
705 3077 780 3141 haec
810 3077 1020 3142 calamitatis
1052 3098 1171 3142 omues

228 3178 395 3260 Cisalpini
408 3177 630 3252 devenerant,
646 3183 685 3240 ut
700 3176 804 3240 nullis
821 3177 876 3240 vel
893 3178 1042 3241 minimis
1058 3180 1172 3242 causis

225 3277 426 3343 ¹extantibus
444 3276 589 3358 quisque
604 3275 711 3339 alium
726 3285 877 3358 caperet,
886 3297 949 3340 nec
964 3277 1031 3340 uisi
1045 3297 1173 3360 magno

226 3378 440 3459 redemptum
466 3375 561 3439 abire
587 3376 724 3438 sineret.
778 3374 956 3440 Praeterea
976 3377 1174 3459 symonicus

227 3476 351 3558 anguis
370 3476 420 3538 ita
444 3474 612 3537 lubricum
629 3480 734 3556 caput
749 3481 921 3552 erexerat,
937 3476 988 3539 ita
1004 3485 1174 3541 venenato

227 3576 315 3640 soetu
329 3572 495 3638 mortiferi
509 3574 672 3655 germinis
687 3592 755 3637 ova
771 3582 1014 3656 vaporaverat,
1025 3584 1065 3639 ut
1079 3582 1175 3639 totus

228 3676 320 3739 orbis
337 3673 457 3737 lethali
474 3673 574 3737 sibilo
597 3672 745 3737 insectus
759 3674 1012 3738 ecclesiasticos
1028 3675 1173 3738 honores

224 3779 472 3856 corrumperet.
524 3772 614 3835 Tum
630 3771 720 3835 enim
734 3791 805 3836 non
822 3772 934 3836 dicam
954 3774 1106 3856 episcopi
1128 3774 1172 3837 ad

264 4028 399 4092 ¹Comiti.]
414 4030 443 4079 C.
464 4029 498 4079 D.
518 4030 568 4091 E.;
593 4030 692 4091 minori,

227 4102 261 4152 A.
274 4100 303 4149 S.
315 4101 346 4149 L.
750 4096 1081 4167 Haemimontanae]
1101 4103 1130 4152 S.
1142 4102 1177 4154 D.

264 4167 410 4219 'Numerus
420 4168 602 4233 episcopcrum]
615 4169 644 4219 S.
656 4169 691 4219 D.
716 4171 766 4231 E.;
783 4185 869 4219 eorum
886 4174 932 4233 qui
948 4174 1014 4223 inter
1027 4188 1055 4223 ee
1072 4174 1180 4223 disside-

230 4242 278 4301 E.;
294 4252 414 4289 numerus
425 4238 474 4289 tuit
484 4244 692 4303 congregatorum
716 4240 786 4303 bant,
797 4241 828 4289 1..

229 4311 416 4372 episcoporum,
430 4309 458 4357 L.
673 4334 676 4341 v
