3142 5025
96 841 109 852 ,
162 813 166 818 -
195 781 321 846 Cilices
342 779 380 841 in
401 777 478 860 ejus
495 776 556 860 jus
579 778 767 857 transierc3
790 779 942 842 maxime
956 786 1036 861 post
1052 781 1233 844 Tur-suem.

193 527 262 573 nra.
280 506 346 589 1v.]
424 522 538 570 unsri
561 521 687 569 nrauu
712 521 928 570 nnouoauu.
1080 507 1145 572 577

194 686 374 765 sperarent
408 698 431 742 a
458 677 583 741 Turcis
620 677 765 760 protegi.
830 677 997 743 Certatim
1027 679 1308 795 itaquefflllbem·

194 880 296 945 boxel
314 872 497 953 ¹deditum,
511 865 604 958 quod
620 883 674 940 est
689 877 854 959 oppidum
875 885 1001 942 natura
1014 872 1145 943 ²muni·

194 988 282 1055 tum,
304 977 405 1060 cujus
426 982 548 1040 nutum
569 974 733 1040 inferiora
754 983 953 1058 spectarent
977 978 1143 1042 castella:

195 1098 277 1162 quo,
293 1084 333 1141 ut
346 1076 432 1152 dixi,
449 1075 578 1150 dedito,
594 1081 721 1139 caetera
735 1075 811 1158 ejus
824 1075 994 1158 judicium
1012 1085 1144 1142 secuta.

197 1177 274 1241 Nec
298 1176 412 1240 solum
439 1173 574 1250 Cilicia,
596 1173 658 1238 sed
682 1182 718 1238 ct
733 1173 902 1238 Armenia
926 1183 962 1239 et
980 1175 1145 1259 Mesopo-

195 1276 305 1340 tamia
317 1273 586 1337 familiaritatem
596 1265 685 1356 ³ejus
701 1274 922 1356 appetivere:
942 1282 1042 1338 eraut
1055 1277 1145 1340 enim

196 1376 251 1440 hae
276 1383 379 1440 tcrrae
409 1391 497 1455 pene
522 1371 715 1436 Turcorum
737 1373 891 1436 dominio
922 1372 1052 1450 liberae,
1084 1375 1145 1438 sed

196 1473 505 1558 inequitationibus
530 1470 717 1536 infestatae.
769 1469 889 1550 Quare
912 1471 985 1534 dux
1003 1473 1145 1538 Edessae

196 1575 303 1651 urbis,
318 1572 378 1654 qui
403 1577 438 1635 et
453 1570 580 1634 civium
597 1570 677 1634 odio
698 1578 734 1634 et
754 1570 906 1636 hostium
929 1571 1046 1654 gladio
1068 1592 1146 1654 pre-

197 1680 360 1747 meretur,
376 1671 496 1734 literas
518 1669 736 1734 necessitatis
751 1688 824 1733 suae
841 1671 1047 1754 interpretes
1063 1671 1144 1735 Bal-

197 1772 331 1836 dewino
354 1770 468 1834 misit:
496 1769 631 1834 veniret
646 1788 730 1849 ergo
746 1769 965 1851 quantocius,
988 1770 1146 1853 adoptio-

198 1872 252 1935 nis
268 1870 410 1953 praemio
427 1869 580 1932 laborem
592 1868 753 1931 veniendi
777 1869 1032 1946 consolaturus,
1048 1889 1145 1933 nam-

198 1989 265 2052 que
281 1971 356 2051 ipse
372 1986 478 2031 sexus
496 1967 677 2048 utriusque
691 1967 788 2048 prole
813 1967 965 2032 carebat.
1017 1968 1071 2032 Ea
1092 1976 1146 2033 est

198 2071 281 2132 urbs
298 2066 606 2148 inMesopotamia
620 2065 729 2148 Syriae
751 2067 857 2131 ubere
876 2067 987 2147 glebae
1009 2067 1146 2131 redditu

199 2174 235 2232 et
249 2167 505 2250 negotiatorum
521 2164 750 2228 mercimoniis
771 2164 1059 2242 nominatissima,
1078 2166 1146 2229 dis·

200 2275 280 2331 tans
297 2267 341 2329 ab
357 2265 537 2347 Euphrate
549 2263 675 2345 viginti
698 2263 881 2341 milliariis,
899 2266 943 2328 ab
958 2263 1147 2329 Antiochia

199 2374 359 2431 centum:
387 2364 557 2427 Edessam
573 2361 701 2439 Graeci,
718 2363 798 2445 Syri
816 2363 998 2428 Rotasiam
1014 2364 1145 2428 dicunt.

201 2467 260 2531 Ita
273 2463 508 2540 Baldewinus,
521 2468 647 2528 exacto
664 2480 686 2526 a
700 2460 827 2545 legatis
838 2463 1014 2529 fidelitatis
1029 2481 1147 2527 sacra-

200 2573 329 2641 mento,
351 2583 430 2628 cum
445 2556 642 2643 4octoginta
666 2561 778 2626 solum
798 2563 964 2627 militibus
988 2563 1148 2646 Euphra-

201 2673 270 2730 tem
289 2662 549 2740 transfretavit3
567 2662 766 2744 spectaculo
779 2662 947 2739 mirando,
959 2681 1019 2725 seu
1035 2662 1149 2727 dicere

202 2764 289 2829 velis
305 2760 527 2837 fortitudinis
541 2778 604 2823 seu
618 2760 835 2838 temeritatis,
845 2769 884 2826 ut
897 2761 989 2826 inter
1004 2762 1149 2826 circum·

202 2863 299 2927 fusas
324 2862 549 2925 barbarorum
576 2859 747 2935 nationes,
770 2879 859 2941 quas
892 2862 981 2926 alter
1006 2860 1150 2925 baberet

202 2963 260 3027 vel
287 2981 353 3045 pro
381 2967 485 3041 gente
512 2958 569 3023 rel
597 2978 660 3041 pro
686 2958 928 3024 incredulitate
958 2968 1150 3042 suspectas,

203 3082 282 3125 cum
306 3058 444 3125 tantillo
468 3057 624 3122 exercitu
652 3078 722 3121 non
750 3058 928 3124 haesitaret
954 3060 1149 3142 procedere.

205 3161 252 3225 Et
267 3160 312 3224 ab
328 3158 504 3223 Armeniis
517 3157 654 3239 quidem
669 3164 705 3221 et
721 3153 946 3240 Syris⁶grato
956 3158 1152 3241 excipiebas

204 3267 261 3324 tur
275 3257 417 3341 gaudio,
434 3264 470 3320 et
482 3256 678 3337 indulgenti
694 3255 878 3321 fovebatur
896 3257 1059 3340 hospitio,
1072 3277 1150 3322 cum

203 3359 363 3423 crucibus
388 3362 423 3419 et
439 3354 656 3419 candelabris
678 3374 739 3437 per
762 3355 918 3420 tramites
940 3357 1151 3421 occurrenti·

202 3460 280 3521 bus.
345 3454 453 3518 Turci
488 3460 617 3530 autem,
648 3454 821 3535 posterius
860 3473 984 3536 agmen
1015 3462 1151 3527 tentare

203 3555 373 3638 aggressi,
403 3552 546 3618 solertia
572 3552 766 3617 Baldewini
804 3555 963 3617 omnibus
993 3553 1151 3618 frustrati

203 3664 286 3720 sunt
302 3653 458 3730 insidiis3
482 3652 742 3715 Samosathenis
764 3652 959 3734 exemplum
984 3652 1076 3733 fugae
1099 3653 1151 3716 fa-

203 3754 383 3818 cientibus.
436 3750 643 3814 Samosatha
662 3757 716 3813 est
734 3751 859 3814 civitas
885 3751 977 3813 ultra
995 3750 1152 3833 Euphra-

240 3993 402 4067 'Dedilum.]
429 3998 465 4049 D.
489 3999 537 4058 E.;
561 3998 665 4060 ilerum,
726 3994 902 4061 ‘Octoginta.]
919 3995 953 4045 A.
968 3996 998 4046 C.
1010 3996 1045 4045 D.
1058 3996 1090 4047 E.
1104 3998 1152 4058 ἂς

202 4072 236 4123 Δ.
250 4071 279 4121 S.
292 4071 322 4119 C.
334 4069 366 4118 1..
688 4066 822 4128 sexaginta
831 4080 929 4128 novem,
940 4065 970 4115 S.

238 4136 409 4200 ’dissitum
426 4137 460 4187 A.
473 4136 507 4185 D.
519 4136 553 4186 E.
564 4134 613 4196 L.;
629 4135 666 4183 in·

202 4212 308 4270 victum,
319 4207 348 4256 S.
363 4209 393 4256 C.
725 4200 736 4231 ⁸
749 4196 850 4269 Grata]
868 4202 902 4253 A.
913 4204 941 4255 S.
950 4204 981 4254 G.
990 4203 1025 4253 D.
1036 4204 1059 4252 Ε
1067 4208 1091 4253 2.
1103 4203 1152 4264 L.;

238 4271 344 4345 wisa]
364 4276 400 4327 D.
413 4276 445 4323 Ε,
453 4290 461 4335 ;
478 4274 535 4337 viri,
546 4274 576 4323 S.
588 4273 619 4323 L.
691 4272 867 4334 gratato‚El.
