3142 5025
226 532 293 580 nm.
309 516 359 598 v.]
450 534 567 583 onera
589 534 716 583 ancon
740 533 955 585 aucnoauu.
1106 522 1174 587 669

278 690 386 774 8437.
409 692 477 755 ‘In
491 694 629 757 nomine
645 700 776 757 sanctae
801 700 836 757 et
851 692 1038 757 individuae
1055 692 1173 757 Trini-
1184 716 1273 756 meem
1237 724 1309 763 mec

225 792 317 854 tatis.
371 791 447 873 Ego
473 791 661 871 Henricus,
692 793 760 857 Dei
791 793 906 875 gratia
933 791 1172 857 Romanorum
1183 764 1318 857 acela

225 891 413 972 imperator
435 901 617 974 augustuS,
642 912 706 975 pro
734 911 851 957 amore
876 892 956 969 Dei,
980 898 1014 956 et
1039 899 1173 956 sanctae

144 1062 147 1067 Δ
227 989 396 1054 Romanae
424 991 591 1068 ecclesiae,
613 999 649 1056 et
680 991 812 1056 domini
838 989 972 1056 calixti
996 1010 1110 1074 papae,
1135 998 1173 1058 et

226 1109 289 1170 pro
303 1090 453 1155 remedio
470 1092 594 1154 animae
611 1111 709 1168 meae,
723 1091 861 1155 dimitto
882 1091 971 1168 Deo,
986 1097 1022 1154 et
1038 1091 1172 1155 sanctis

227 1188 294 1252 Dei
317 1191 484 1272 apostolis
506 1189 614 1254 Petro
636 1197 671 1255 et
693 1190 818 1267 Paulo,
832 1197 1031 1272 sanctaeque
1052 1189 1173 1254 catho-

225 1287 302 1352 licae
320 1290 487 1366 ecclesiae,
509 1309 646 1354 omnem
668 1290 909 1355 investituram
928 1309 991 1373 per
1005 1290 1173 1354 annulum

226 1394 262 1451 et
288 1388 471 1468 baculum3
507 1396 542 1453 et
568 1389 719 1454 concedo
739 1390 776 1452 in
811 1389 970 1453 omnibus
1003 1387 1173 1467 ecclesiis,

226 1506 305 1567 quae
328 1487 364 1550 iu
389 1508 496 1570 regno
510 1488 567 1553 vel
589 1489 734 1571 imperio
753 1508 831 1552 meo
854 1495 948 1565 sunt,
970 1488 1172 1553 canonicam

225 1586 300 1649 lieri
314 1586 514 1651 electionem
531 1594 566 1651 et
580 1588 724 1651 liberam
741 1588 1047 1653 consecrationem.
1081 1587 1170 1652 Pos-

225 1686 396 1750 sessiones
418 1694 453 1751 et
469 1688 601 1769 regalia
622 1688 717 1752 beati
730 1686 840 1764 Petri,
856 1706 934 1770 quae
957 1707 979 1750 a
1000 1688 1170 1770 principio

225 1784 328 1868 hujus
350 1785 531 1850 discordiae
554 1806 663 1869 usque
689 1787 733 1850 ad
757 1786 960 1851 hodiernum
979 1786 1080 1863 diem,
1095 1787 1171 1851 sive

224 1891 377 1965 tempore
392 1872 501 1967 patrii
520 1888 599 1963 mei,
619 1887 692 1950 sive
712 1886 817 1949 etiam
840 1905 929 1962 meo,
943 1884 1062 1949 ablata
1076 1893 1170 1963 sunt,

225 2002 304 2066 quae
319 1984 441 2062 habeo,
459 1986 569 2050 eidem
594 1988 725 2049 sanctae
742 1984 912 2049 Romanae
936 1985 1091 2049 ecclesiae
1117 2005 1171 2047 re·

225 2084 353 2163 stituo;
377 2104 455 2167 quae
478 2104 548 2149 non
570 2084 692 2162 habeo,
709 2092 748 2148 ut
773 2086 1001 2149 restituantur
1023 2084 1173 2147 fideliter

220 2182 365 2265 juvabo.
429 2183 673 2249 Possessiones
705 2184 810 2247 etiam
839 2183 991 2247 omnium
1024 2184 1170 2246 aliarum

224 2283 458 2361 ecclesiarum,
485 2291 521 2347 et
547 2284 752 2367 principum,
781 2291 818 2347 et
843 2283 995 2347 omnium
1023 2281 1171 2346 aliorum

225 2388 297 2445 tam
325 2383 492 2447 laicorum
513 2401 618 2464 quam
640 2384 854 2459 clericorum,
876 2400 955 2464 quae
980 2382 1018 2445 in
1044 2400 1173 2463 guerra

224 2480 293 2546 ista
309 2483 446 2546 amissae
461 2488 554 2560 sunt,
569 2482 712 2547 consilio
737 2482 931 2565 principum
947 2480 1005 2545 vel
1019 2480 1173 2565 justitia,

224 2601 311 2663 quas
325 2582 436 2646 habeo
461 2581 621 2662 reddam3
646 2601 733 2665 quas
750 2601 819 2646 non
833 2582 957 2658 habeo,
969 2581 1117 2644 fideliter
1130 2589 1171 2646 ut

224 2680 412 2744 reddantur
424 2681 568 2765 juvabo.
619 2682 667 2745 Et
686 2682 730 2745 do
750 2699 869 2746 veram
889 2699 1011 2764 pacem
1032 2681 1172 2745 domino

226 2797 327 2860 papae
354 2779 507 2855 Calixto,
534 2787 722 2860 etsanctae
745 2780 914 2845 Romanae
940 2780 1107 2858 ecclesiae,
1135 2787 1171 2844 et

223 2878 380 2942 omuibus
410 2879 528 2961 quiin
549 2888 648 2963 parte
677 2880 786 2962 ipsius
817 2887 899 2944 sunt
921 2879 978 2945 vel
1010 2880 1169 2961 suerunt3

224 2984 259 3040 et
283 2978 466 3060 inquibus
493 2987 615 3043 sancta
642 2978 803 3043 Romana
829 2979 975 3044 ecclesia
999 2979 1170 3045 auxilium

223 3077 464 3159 postulaverit,
487 3079 633 3143 fideliter
649 3080 803 3163 juvab03
827 3086 863 3142 et
879 3080 922 3143 de
938 3078 1063 3161 quibus
1085 3079 1168 3144 mihi

224 3177 472 3259 querimoniam
496 3177 627 3256 iecerit,
650 3179 802 3243 debitam
824 3177 890 3242 sibi
913 3177 1039 3243 faciam
1063 3178 1168 3261 justi·

224 3276 331 3343 tiam.'
382 3275 473 3340 Haec
501 3279 616 3341 omnia
642 3285 721 3342 acta
743 3284 825 3341 sunt
840 3296 1009 3341 consensu
1031 3283 1066 3340 et
1087 3297 1177 3340 con··

222 3375 299 3440 silio
314 3376 508 3458 principum
525 3397 670 3459 quorum
686 3379 827 3441 nomina
848 3376 1042 3459 subscripta
1063 3383 1166 3440 sunt:

222 3470 389 3539 Albertus
415 3475 693 3558 archiepiscopus
725 3475 932 3557 Moguntiae,
964 3475 1167 3540 Fredericus

223 3573 440 3638 Coloniensis
470 3575 760 3658 archiepiscopus,
791 3575 1054 3639 Ratisbonensis
1093 3576 1167 3657 epi-

222 3690 359 3755 scopus,
393 3674 690 3756 Babenbergensis
719 3675 914 3758 episcopus,
946 3675 1065 3737 Bruno
1087 3673 1166 3756 Spi-

153 3825 158 3833 .
221 3773 344 3851 rensis,
359 3771 603 3855 AugustensiS,
619 3773 866 3857 Trajectensis,
876 3772 1165 3850 Constanticnsis,

220 3873 328 3936 abbas
355 3873 548 3951 FoldensiS,
583 3873 825 3938 Heremannus
850 3873 934 3950 dux,
961 3871 1165 3944 Fredericus

220 3970 305 4049 dux,
331 3972 538 4036 Bonefacius
566 3973 730 4050 marchio,
755 3972 971 4037 Thetbaldus
1001 3971 1165 4048 marchio,

163 4091 165 4096 ·
221 4070 385 4135 Ernnlfus
408 4090 522 4135 comes
539 4073 725 4154 palatinus
744 4072 910 4136 Othertus
932 4091 1047 4137 comes
1069 4071 1166 4154 pala·
1219 4133 1222 4137 .

220 4172 326 4247 tinus,
341 4171 573 4252 Berengarius
591 4191 715 4235 comes
1158 4230 1267 4286 mmm
1232 4241 1330 4282 emm

273 4269 379 4353 §438.
404 4269 531 4335 Sedato
554 4271 671 4354 itaque
695 4280 764 4336 tam
785 4277 928 4335 veterno
954 4273 1085 4350 morbo,
1108 4292 1168 4356 qu1
1178 4282 1271 4380 mg}
