3142 5025
402 480 468 547 720
546 506 549 512 ·
690 500 864 549 merolus
887 502 1062 550 novnnnxa
1213 488 1298 569 [nm.
1315 503 1353 550 11.

243 670 377 761 ffissapu
404 659 465 722 siae
487 658 762 741 possessionibus
784 658 857 721 suis
880 657 1123 739 spoliarentur.
1165 656 1239 721 Sibi
1260 657 1352 738 regis

377 748 383 762 ’
405 764 526 822 contra
541 756 609 821 Dei
624 757 736 839 legem
756 776 936 821 excessum
959 762 1057 821 tantu
1074 755 1186 820 dolori
1204 775 1293 833 esse,
1314 762 1354 819 ut

405 857 525 921 mallet
551 876 589 921 se
615 857 725 921 multo
748 855 929 939 dispendio
947 862 983 919 et
1006 856 1161 938 corporis
1184 862 1221 919 et
1239 874 1352 919 rerum

405 974 545 1019 suarum
579 954 680 1033 affici,
716 974 822 1039 quam
852 954 1083 1038 episcopalem
1113 954 1351 1019 celsitudinem

405 1062 505 1119 tanta
531 1054 738 1137 indignitate
760 1054 873 1138 dejici.
925 1051 1148 1131 Quinetiam
1171 1073 1289 1136 regem
1311 1055 1354 1119 de

406 1154 644 1218 emendatione
678 1154 813 1237 peccati
843 1152 1044 1216 multotiens
1068 1147 1352 1233 ¹commonitum3

407 1247 608 1337 ²postremo
643 1253 780 1317 concilii
818 1252 1035 1317 vocationem
1072 1271 1142 1316 non
1178 1252 1352 1318 abnuisse.

408 1352 558 1417 Proinde
580 1352 859 1435 archiepiscopus
879 1358 916 1415 et
934 1351 1055 1415 caeteri
1076 1351 1297 1415 consulerent
1317 1352 1354 1414 in

402 1451 556 1516 'medium
571 1452 653 1534 quid
667 1471 756 1534 opus
772 1456 864 1515 esset
874 1449 986 1515 sacto:
1002 1470 1040 1515 se
1052 1450 1097 1513 ad
1114 1450 1354 1515 executionem

408 1551 542 1615 consilii
569 1570 632 1615 nec
652 1569 715 1633 pro
739 1541 844 1631 regis,
865 1550 926 1631 qui
945 1549 1011 1613 sibi
1037 1549 1144 1613 frater
1164 1556 1252 1627 erat,
1267 1550 1353 1613 ami-

407 1650 501 1727 citia,
514 1668 576 1713 nec
591 1668 655 1731 pro
668 1650 794 1714 damno
806 1649 1075 1731 possessionum,
1091 1667 1154 1711 nec
1171 1648 1276 1714 etiam
1290 1668 1354 1732 pro

408 1749 532 1831 capitis
544 1749 708 1832 periculo,
724 1748 946 1816 defuturum!

459 1848 477 1932 §
493 1848 548 1914 23.
567 1848 660 1911 Dum
677 1848 752 1912 haec
766 1848 826 1912 ille
839 1848 967 1912 sensim
981 1866 1044 1929 per
1054 1846 1355 1930 amplificationem

385 1940 390 1948 ’
409 1948 565 2029 exponit,
581 1967 656 2025 rex,
671 1965 786 2011 causae
812 1966 885 2011 suae
907 1966 977 2011 non
992 1946 1136 2024 diffisus,
1155 1948 1298 2013 comites
1318 1950 1355 2013 in

409 2046 591 2110 concilium
604 2045 709 2125 misit,
720 2065 880 2129 quaerens
891 2065 953 2110 cur
968 2032 1121 2111 vocatus'
1130 2054 1233 2112 esset.
1286 2048 1354 2112 Re-

408 2165 574 2228 sponsum
597 2153 651 2210 est
674 2165 696 2210 a
720 2146 838 2227 legato
862 2165 907 2209 ex
921 2145 1145 2229 compendio:
1170 2145 1275 2210 ‘Non
1298 2147 1355 2211 de-

408 2246 489 2308 bere
512 2245 621 2322 illum,
638 2246 698 2327 qui
720 2264 757 2309 se
773 2245 903 2309 Christi
920 2244 1000 2308 fidei
1023 2245 1217 2329 subjectum
1238 2248 1357 2311 memi-

409 2345 529 2422 nisset,
550 2345 723 2425 indignari
747 2345 777 2409 si
801 2363 824 2407 a
844 2344 1011 2408 ministris
1028 2343 1159 2408 Christi
1186 2345 1231 2408 ad
1252 2346 1355 2410 satis·

410 2444 594 2508 factionem
619 2451 765 2508 vocatus
791 2452 895 2521 esset,
928 2444 1019 2507 tanti
1050 2451 1166 2508 reatus
1197 2446 1356 2509 conscius

409 2551 578 2626 quantum
596 2551 716 2608 nostra
729 2545 847 2608 secula
863 2563 1033 2625 nusquam
1049 2543 1227 2632 vidissent.
1262 2544 1357 2609 Gen-

410 2643 522 2707 tilium
539 2644 667 2726 quippe
682 2644 874 2707 seculorum
892 2662 981 2726 opus
995 2649 1088 2706 esset
1104 2644 1285 2726 episcopos
1303 2645 1356 2707 in-

410 2761 598 2820 carcerare,
620 2750 655 2821 et
671 2742 947 2825 possessionibus
971 2741 1044 2805 suis
1062 2761 1201 2820 exuere.
1253 2743 1357 2807 Dice·

410 2850 488 2907 rent
516 2862 599 2924 ergo
621 2842 732 2918 fratri,
754 2842 846 2924 quod
869 2842 900 2904 si
924 2841 1068 2906 consilio
1095 2861 1159 2905 suo
1183 2841 1358 2924 placidum

411 2942 628 3005 commodare
655 2940 858 3022 dignaretur
886 2959 1077 3019 assensum,
1107 2941 1178 3004 tale
1204 2941 1255 3004 illi
1279 2940 1357 3007 Deo

411 3047 552 3118 auctore
567 3039 762 3122 largiretur,
784 3041 840 3103 cui
862 3059 926 3104 uec
945 3039 1091 3104 ecclesia
1108 3039 1279 3117 Romana,
1294 3060 1359 3104 uec

329 3144 334 3148 '
411 3137 507 3202 curia
530 3137 622 3219 regis
639 3138 808 3216 Franciee,
831 3158 895 3203 nec
915 3139 990 3222 ipse
1015 3158 1130 3203 comes
1144 3138 1358 3204 Thelbaldus

410 3236 518 3302 frater
542 3239 719 3301 amborum
742 3236 899 3324 (sapiens
921 3237 1077 3320 proiecto
1089 3238 1143 3302 vir
1166 3244 1202 3302 et
1222 3239 1357 3320 religio·

410 3333 489 3420 sus)
504 3355 547 3400 ex
566 3336 699 3402 ratione
725 3338 897 3402 contraire
918 3343 1049 3420 posset,
1062 3337 1123 3400 sed
1145 3337 1236 3420 quod
1263 3338 1360 3402 l'avo-

411 3435 565 3500 rabiliter
591 3436 773 3519 complecti
795 3436 971 3501 debereut.
1024 3435 1191 3501 Consulte
1216 3437 1360 3502 veroin

410 3535 674 3618 praesentiarum
695 3555 758 3600 rex
781 3534 922 3612 iaceret,
948 3535 978 3598 si
1004 3535 1061 3600 vel
1083 3535 1252 3600 rationem
1273 3535 1358 3600 facti

411 3634 466 3698 sui
492 3633 663 3711 redderet,
696 3634 752 3699 vel
785 3635 988 3699 canonicum
1015 3633 1184 3717 judicium
1214 3636 1358 3700 subiret.

412 3733 467 3797 Ex
485 3734 602 3799 debito
618 3733 723 3798 etiarn
736 3741 896 3816 oportere
917 3741 956 3797 ut
971 3733 1126 3797 ecclesiae
1141 3733 1285 3812 faveret,
1300 3755 1361 3799 cu·

406 3832 467 3915 jus
483 3834 562 3897 sinu
577 3840 756 3916 exceptus,
776 3853 846 3897 non
861 3851 966 3896 manu
987 3832 1148 3909 militum,
1164 3833 1201 3896 in
1215 3852 1361 3916 regnum

411 3939 590 4014 promotus
616 3931 763 4024 suisset?
814 3926 922 3996 ⁸Cum
937 3932 1031 3997 dicto
1048 3932 1192 3997 comites
1218 3934 1362 4014 egressi,

447 4136 454 4166 1
585 4137 590 4149 ·
799 4151 806 4165 0

410 4139 664 4268 m„„ff,',',',⁸,':¹}'‚“1¹)‘f”']
687 4139 720 4188 Ε.
731 4139 807 4200 Μ’,
830 4140 875 4189 ω.
934 4208 1042 4275 'Graj
1066 4214 1119 4274 E.;
1137 4213 1179 4262 Sic
1199 4228 1267 4276 cum,
1286 4215 1316 4264 S.
1329 4215 1365 4266 D.

411 4348 431 4396 S
445 4273 609 4395 ’gemerem
619 4279 874 4341 E.;poslremotunc,
900 4280 953 4329 Li.
