3142 5025
393 523 458 588 572
610 538 723 586 caera
747 537 874 585 ancon
899 537 1112 586 1110101011.
1189 524 1275 605 [mn.
1293 538 1339 585 1v.

393 697 546 760 bitarent
570 696 769 774 subsistere,
793 696 852 759 nbi
873 697 930 760 vel
957 695 1121 779 pestifero
1145 695 1345 762 afflarentur

396 816 476 860 aere
489 796 545 860 vel
562 796 768 860 Saracenica
790 795 1027 860 occiderentur
1051 797 1158 860 rabie.
1210 795 1346 862 Cedant

397 915 481 977 ergo
496 903 677 977 poetarum
694 897 889 977 praeconia3
914 915 977 959 nec
992 895 1124 977 priscos
1146 894 1269 960 heroas
1286 917 1346 960 ve-

399 1004 456 1059 tus
478 994 618 1062 attollat
638 994 768 1058 sabula.
821 994 920 1059 Nihil
939 1014 1092 1077 unquam
1107 994 1228 1059 horum
1251 996 1346 1060 laudi

399 1094 630 1176 comparabile
648 1094 721 1157 ulla
742 1113 892 1176 genuere
914 1094 1050 1158 secula:
1074 1113 1167 1172 nam,
1185 1103 1221 1159 et
1234 1095 1264 1159 si
1277 1114 1348 1177 qua

399 1194 536 1257 illorum
559 1193 626 1258 suit
640 1193 762 1270 virtus,
786 1193 822 1257 in
849 1192 1082 1276 sepulchrales
1106 1193 1244 1258 favillas
1266 1203 1346 1276 post

401 1305 544 1356 mortem
557 1293 717 1373 evanuit;
733 1292 826 1375 quod
837 1294 952 1375 potius
968 1294 1005 1356 in
1015 1293 1199 1358 mundialis
1211 1314 1347 1376 pompae

400 1392 544 1469 fumum,
554 1411 659 1474 quam
671 1391 708 1455 in
725 1392 830 1454 nllius
840 1393 922 1456 boni
936 1392 1095 1469 solidum,
1112 1392 1221 1456 effusa
1232 1393 1348 1460 luerit.

403 1491 555 1555 Istorum
579 1500 694 1555 antem
720 1491 930 1555 fortitudinis
952 1493 1120 1555 sentietur
1145 1492 1289 1570 utilitas,
1312 1500 1348 1557 et

402 1591 605 1655 ostendetur
619 1590 784 1672 dignitas»,
803 1591 966 1672 quamdiu
989 1591 1082 1654 orbis
1096 1591 1296 1656 volubilitas
1312 1599 1348 1656 et

384 1699 526 1753 'sancta
540 1690 672 1771 vigebit
686 1688 941 1756 christianitas.
994 1689 1088 1768 Quid
1110 1710 1193 1754 vero
1214 1691 1257 1754 de
1279 1691 1349 1756 dis·

404 1788 534 1870 ciplina
563 1797 599 1853 et
626 1789 837 1854 abstinentia
867 1789 975 1854 totius
1006 1789 1180 1853 exercitus
1207 1791 1347 1854 dicaml

407 1887 516 1951 Nulla
536 1889 726 1953 ibiventris
747 1888 931 1970 ingluvies,
956 1888 1051 1952 nulla
1067 1888 1133 1952 fnit
1148 1889 1245 1971 penis
1267 1890 1348 1954 illu·

404 1986 490 2065 vies,
517 2006 596 2070 quac
617 2008 687 2052 non
710 1988 876 2052 continuo
897 1989 953 2052 vel
976 1987 1102 2052 ducum
1128 1982 1353 2054 lauctoritate

405 2086 462 2150 vel
489 2087 728 2169 episcoporum
752 2106 909 2151 sermone
938 2088 1179 2169 corrigeretur.
1242 2089 1352 2154 Nulla

405 2186 584 2268 praedandi
598 2207 660 2269 per
675 2194 786 2251 terras
800 2186 1074 2252 Christianorum
1087 2187 1233 2270 cupido;
1257 2189 1354 2252 nulla

406 2286 497 2348 inter
512 2306 549 2350 se
566 2288 802 2350 controversia
816 2307 894 2369 quae
912 2305 981 2350 non
998 2286 1109 2364 facile,
1124 2287 1351 2354 mediatorum

402 2384 575 2467 judicum
590 2385 800 2468 cognitione,
832 2385 1053 2450 recideretur.
1116 2385 1352 2470 Quapropter,

406 2482 490 2567 quia
514 2494 585 2550 tam
607 2485 759 2550 ordinati
781 2485 956 2550 exercitus
978 2486 1054 2550 laus
1071 2484 1115 2549 ad
1129 2487 1352 2569 praelatorum

357 2602 374 2646 ο
407 2584 576 2649 redundat
593 2586 750 2667 gloriam,
772 2586 988 2667 singulorum
1009 2604 1189 2668 procerum
1201 2586 1296 2652 sacta
1317 2598 1353 2652 et

408 2684 526 2747 exitus
549 2685 678 2767 scripto
701 2684 907 2766 insigniam3
934 2686 1199 2767 necquicquam
1213 2688 1353 2751 veritati

405 2784 595 2847 secundum
621 2783 808 2848 relatorum
832 2803 984 2848 meorum
1007 2785 1245 2851 credulitatem
1271 2788 1351 2851 sub-

407 2883 553 2947 traham.
606 2883 736 2947 Nullus
750 2902 846 2961 vcro,
860 2884 916 2947 cui
933 2883 1079 2965 amplior
1097 2886 1256 2966 provenit
1272 2906 1350 2967 ges-

407 2988 520 3046 torum
550 2982 687 3059 notitia,
713 3002 768 3045 me
790 3002 852 3064 pro
884 2983 1059 3047 incurioso
1087 2992 1233 3064 arguat3
1269 2986 1352 3068 quia

405 3087 502 3143 trans
529 3099 696 3145 oceanum
726 3081 965 3146 Britannicum
997 3083 1133 3147 abditos
1161 3084 1223 3147 vix
1255 3085 1351 3149 tenni

405 3198 578 3243 murmure
596 3200 708 3244 rerum
727 3180 938 3247 Asianarum
951 3181 1044 3246 lama
1058 3182 1221 3247 illustrat.

733 3373 780 3419 Dll
803 3373 1019 3420 continuum.

241 3491 369 3532 Anonos
457 3478 571 3561 §373.
605 3479 747 3543 Initium
776 3499 859 3561 ergo
887 3479 1026 3542 laudum
1057 3496 1119 3541 rex
1145 3476 1354 3543 Godefridus

243 3542 367 3633 &ibib-⁰¹
406 3570 584 3661 ²occupat,
601 3580 660 3661 qni
687 3565 867 3643 Eustachii
890 3578 1026 3643 comitis
1045 3578 1287 3655 Bononiensis,
1309 3579 1353 3643 de

405 3697 474 3760 qno
498 3687 651 3762 tempore
677 3679 768 3761 regis
784 3678 945 3742 Edwardi
964 3678 1050 3754 dixi,
1068 3677 1171 3755 filino,
1194 3683 1352 3742 materno

404 3779 630 3843 excellentior
653 3798 791 3860 genere,
820 3778 863 3842 ad
883 3776 1007 3842 Karoli
1033 3777 1149 3859 magni
1171 3778 1353 3858 spectabat

404 3877 541 3941 lineam.
595 3878 769 3961 Siquidem
786 3885 908 3956 mater,
921 3877 987 3941 Ida
1003 3877 1152 3952 nomine,
1171 3874 1352 3940 Godelridi

403 3977 537 4061 antiqui
568 3978 859 4060 Letharingorum
890 3978 988 4041 ducis
1017 3975 1100 4053 filia,
1131 3975 1254 4039 habuit
1283 3975 1351 4040 sra-

437 4249 630 4315 ¹Auctoritate.]
649 4252 678 4302 S.
691 4252 725 4300 D.
740 4252 789 4312 E.;
807 4264 865 4299 aus·
924 4242 1078 4317 ²Occupat]
1095 4252 1128 4300 A.
1151 4251 1180 4299 C.
1198 4249 1234 4301 D.
1251 4251 1284 4300 E.
1301 4252 1352 4312 L.;

399 4322 508 4383 teritate,
519 4321 550 4369 1..
888 4320 991 4369 omitted
1001 4321 1027 4367 in
1039 4319 1068 4368 S.
