3142 5025
228 548 297 595 nin.
314 530 379 612 1v.]
456 547 573 596 onera
596 548 723 596 nncuu
747 549 962 599 aucnonou.
1112 537 1178 601 581

228 706 349 771 ulcisci
382 705 558 788 sperabat.
623 705 735 770 Porro
769 705 918 783 Turcus,
952 703 1030 792 (qui
1066 709 1177 790 magis
1189 727 1285 768 aman

228 805 351 870 frande
366 813 403 869 et
418 813 545 870 eventu
568 825 672 888 quam
687 807 817 870 virtute
842 814 878 870 et
893 801 1033 870 ¹bellioa
1053 808 1178 871 militia
1189 779 1341 870 wsm-

228 905 351 971 ducem
366 906 527 987 cepisset,
538 905 631 987 quod
640 924 719 968 cum
733 906 854 987 paucis
869 906 913 970 ad
925 905 1177 971 Mellentiniam

228 1007 349 1070 urbem
363 1004 595 1086 recipiendam
611 1002 786 1088 venerat)
808 1006 921 1068 sciens
938 1005 1092 1070 Francos
1114 1026 1177 1088 pro

229 1105 280 1169 rei
298 1105 431 1188 pudore
444 1105 577 1168 viribus
597 1105 763 1168 extremis
785 1105 822 1167 in
844 1124 882 1168 se
904 1123 1039 1181 usuros,
1053 1107 1088 1168 in
1112 1125 1177 1170 sua

228 1224 267 1268 se
292 1205 434 1286 recepit,
449 1204 650 1285 compositis
674 1222 759 1266 sane
775 1203 965 1281 ordinibus,
983 1223 1051 1268 non
1074 1206 1176 1287 quasi

229 1304 349 1385 fugam
365 1303 570 1380 intenderet,
590 1303 651 1367 sed
668 1303 769 1384 quasi
789 1302 1000 1385 triumphum
1023 1303 1175 1368 duceret.

230 1404 331 1468 Tunc
364 1402 599 1479 Baldewinus,
627 1402 721 1466 ultra
745 1401 997 1469 Mellentiniam
1030 1402 1177 1467 duorum

229 1504 362 1567 dierum
393 1504 485 1567 viam
525 1521 749 1586 progressus,
768 1520 848 1565 cum
879 1501 1013 1567 videret
1043 1501 1177 1566 hostem

158 1593 165 1602 ’
230 1603 312 1667 belli
325 1603 567 1666 necessitatem
580 1601 765 1677 declinare,
782 1601 994 1665 redeundum
1017 1603 1177 1684 putavit,

230 1710 267 1766 et
291 1709 372 1766 ante
398 1710 516 1766 tamen
540 1703 659 1765 urbem
683 1703 720 1765 in
743 1719 826 1765 snos
851 1719 947 1778 usus,
974 1721 1043 1766 non
1066 1703 1177 1766 invito

231 1801 395 1884 praefecto
412 1800 587 1877 Gabriele,
600 1800 810 1865 transduxit.

282 1901 390 1986 §³7st
414 1900 554 1964 Interea
571 1901 707 1982 perlato
728 1900 773 1963 ad
791 1919 829 1964 se
847 1900 973 1965 nuncio
994 1900 1037 1964 de
1060 1899 1177 1966 fratris
1188 1925 1210 1964 1·
1219 1925 1299 1966 aaa

231 2001 340 2077 obitu,
366 2000 629 2083 provincialium
655 2018 696 2064 ac
718 2000 845 2063 ducum
872 1999 909 2062 in
931 2001 1008 2093 ejus
1036 1975 1317 2074 electio-illitallo

231 2120 309 2164 nem
331 2119 514 2176 consensu,
540 2100 782 2164 commendata
812 2099 945 2164 Edessa
974 2077 1314 2164 Baldewino³‘¹'¹⁸⁸¹⁸¹¹¹'

229 2208 394 2282 cognato,
417 2199 620 2264 arctissimae
640 2199 904 2263 necessitudinis
918 2199 1178 2281 propinquitate

229 2299 430 2382 conjuncto,
450 2305 487 2363 ct
507 2306 634 2380 praeter
656 2298 731 2362 baec
751 2299 1093 2380 neque'imprudenti
1117 2318 1178 2362 ne·

230 2417 298 2480 que
312 2399 455 2480 ignavo,
468 2397 513 2462 ad
528 2397 853 2482 lerosolymitanum
868 2417 1012 2478 regnum
1028 2408 1177 2462 mentem

230 2498 377 2582 impulit.
430 2497 660 2581 congregatis
674 2518 758 2581 ergo
772 2497 945 2580 equitibus
959 2497 1129 2575 ducentis,
1142 2506 1178 2564 et

231 2599 404 2681 peditibus
418 2599 658 2680 septingentis,
671 2599 737 2662 iter
747 2599 888 2680 plenum
904 2599 1025 2661 mortis
1038 2605 1074 2661 et
1087 2599 1178 2680 peri·

231 2698 386 2761 culorum
402 2697 579 2780 ingressus
595 2705 670 2775 est3
692 2698 785 2761 undo
801 2698 955 2761 audaciae
969 2704 1078 2761 tautae
1095 2716 1178 2762 con-

231 2798 323 2862 tuitu
346 2798 457 2874 multi,
473 2816 561 2879 quos
583 2796 672 2860 falso
686 2796 804 2860 fideles
828 2798 1072 2874 arbitrabatur,
1094 2798 1179 2878 fuga

233 2897 449 2961 clandestina
470 2895 606 2978 dilapsi.
667 2896 750 2979 Ipse
778 2916 857 2977 cum
884 2897 1025 2979 reliquis
1052 2894 1178 2961 Antio-

233 2996 345 3061 chiam
362 2997 474 3079 petiit,
486 2997 609 3077 ingens
624 3004 835 3061 momentum
850 2996 1014 3060 desolatis
1029 2995 1178 3073 futurus,

233 3097 378 3160 consilio
391 3096 528 3178 sagacis
547 3096 672 3159 mentis
692 3095 883 3160 informans
907 3103 947 3160 ut
960 3095 1177 3161 Tancredum

233 3202 391 3278 peterent
407 3195 443 3259 in
458 3194 632 3259 ducatum.
682 3194 770 3259 Inde
788 3216 850 3278 per
865 3194 1040 3259 Gibellum
1055 3203 1091 3259 et
1108 3196 1178 3260 La·

237 3295 382 3360 odiciam
405 3294 502 3359 venit
524 3294 715 3377 Tripolim:
738 3295 838 3377 cujus
864 3295 959 3358 urbis
977 3295 1179 3370 admiratur,

233 3395 374 3459 natione
400 3394 539 3476 quidem
560 3394 709 3470 ancus,
733 3394 793 3457 sed
812 3394 914 3474 genio
938 3394 1088 3457 naturali
1110 3394 1179 3458 cle-

234 3495 374 3559 mentiae
387 3494 577 3557 visceribus
591 3493 766 3576 profusus,
780 3500 882 3557 extra
904 3512 1020 3557 muros
1042 3493 1094 3557 illi
1107 3495 1180 3557 vic-

234 3594 287 3657 tui
309 3592 505 3657 necessaria
523 3592 730 3671 destinavit3
754 3593 891 3676 adjecto
907 3593 1096 3675 quinetiam
1120 3595 1179 3656 be·

235 3692 417 3773 nignitatis
439 3691 603 3755 mandato
627 3698 667 3755 ut
681 3693 868 3774 prudenter
888 3710 926 3755 se
951 3699 1081 3775 ageret,
1098 3693 1181 3773 quia

235 3792 360 3856 Ducab
387 3808 451 3854 rex
476 3791 771 3854 Damascenorum
799 3793 971 3854 tramitem
994 3798 1181 3871 angustum

235 3896 468 3972 occupaverat
490 3909 553 3971 per
569 3909 671 3970 quem
691 3890 790 3953 illum
813 3889 970 3953 audierat
986 3898 1180 3953 venturum.

237 3990 314 4066 Ille,
329 4008 432 4070 quem
455 3988 599 4070 puderet
614 3988 716 4052 minis
739 3989 920 4053 Saracenis
943 3989 1086 4066 moveri,
1100 4008 1183 4053 con-

234 4090 342 4153 stanti
365 4089 494 4165 animo,
522 4107 592 4170 quo
613 4098 854 4171 proposuerat,
883 4089 1082 4168 contendit3
1110 4088 1183 4165 sed,

273 4339 386 4390 'acuam
397 4335 514 4407 musta]
532 4312 626 4403 aa,
645 4339 1150 4479 mitian,S.C.;bellicaj=12stitia,l.11.

1013 4433 1035 4490 Q
