3142 5025
414 477 481 542 546
641 490 755 539 onera
777 489 905 537 aneuu
927 487 1142 536 laenoxuu.
1218 475 1303 556 [nin.
1324 491 1369 537 iv.

416 650 537 715 raterii
563 649 695 715 nummi
723 648 899 714 Bizantini
925 647 1063 711 vocati:
1087 646 1177 711 banc
1200 647 1367 712 divinitus

416 756 573 815 mutasse
588 768 726 827 nornen,
744 748 778 812 S.
793 747 976 812 Aldelmus
999 753 1189 811 auctorest
1207 740 1261 810 lin
1277 747 1367 812 libre

255 864 396 955 agmon
418 851 473 915 De
490 849 717 932 virginitate,
739 846 937 931 hujusmodi
956 845 1139 912 sententia.
1192 844 1367 912 Constan-

397 941 505 1026 'tino,
528 951 565 1014 in
590 949 711 1014 eadem
733 948 818 1012 urbe
844 953 1020 1029 soporato,
1034 947 1112 1010 visa
1137 952 1191 1011 est
1212 947 1367 1012 astitisse

418 1050 538 1115 vetula
560 1050 658 1131 mgis
680 1048 829 1112 anilibus
851 1052 951 1110 arata
966 1045 1135 1126 frontem3
1159 1066 1242 1111 mox
1259 1047 1368 1129 impe-

418 1149 497 1213 riali
514 1148 695 1233 chlamyde
707 1148 836 1212 amicta
858 1146 894 1209 in
912 1145 1137 1230 juvenculam
1158 1146 1367 1223 refloruisse,

419 1248 609 1331 viridisque
630 1248 750 1313 formae
779 1247 903 1311 decore
929 1245 1151 1310 Constantini
1179 1246 1366 1329 pellexisse

420 1349 558 1417 oculum
579 1356 709 1413 utnon
730 1348 919 1411 abstineret
935 1346 1019 1428 quin
1040 1346 1234 1427 porrigeret
1257 1347 1288 1409 ei
1311 1365 1368 1410 os·

420 1449 548 1514 culum.
600 1447 700 1512 Tunc
724 1445 898 1510 Helenam
923 1452 1080 1520 matrem,
1110 1464 1190 1526 quae
1217 1445 1368 1522 adesset,

420 1545 587 1624 dixisse,'‘
599 1547 689 1611 Haec
705 1554 768 1611 tua
789 1564 924 1628 semper
943 1545 1019 1622 erit,
1037 1564 1101 1608 nec
1118 1564 1271 1627 unquam
1293 1565 1368 1608 me-

421 1648 542 1724 riatur,
565 1647 632 1710 nisi
654 1647 692 1710 in
713 1647 781 1709 fine
801 1644 933 1709 seculi!
985 1642 1105 1727 Hujus
1126 1645 1251 1710 somnii
1271 1645 1368 1708 selu-

420 1746 549 1810 ticnem
564 1743 757 1828 Angustus,
769 1752 913 1809 extruso
929 1762 1066 1826 sopore,
1075 1742 1222 1828 jejuniis
1234 1751 1270 1808 et
1278 1744 1368 1808 elee-

421 1847 575 1929 mosynis
591 1845 799 1910 extrahebat
818 1864 838 1908 e
860 1842 961 1907 coelo.
1013 1842 1060 1907 Et
1076 1862 1168 1921 ecce,
1192 1851 1272 1926 post
1289 1851 1368 1908 octo

421 1945 495 2010 dies
519 1947 645 2010 iterum
671 1951 869 2027 soporatus
890 1942 987 2008 visus
1015 1949 1068 2007 est
1090 1942 1207 2007 videre
1238 1943 1368 2007 Silves-

422 2053 514 2131 trum
528 2064 668 2127 papam,
682 2044 787 2127 paulo
808 2050 889 2106 ante
906 2041 1116 2120 defunctum,
1132 2043 1192 2125 qui
1206 2041 1299 2107 dulci
1313 2043 1367 2105 lu·

332 2137 334 2141 ’
421 2146 551 2210 minum
566 2138 871 2226 risu²discipulum
885 2142 1134 2225 perstringens
1149 2141 1369 2219 ‘Consueta‚'

420 2243 547 2326 inquit,
562 2245 686 2327 ‘egisti
702 2243 898 2327 prudentia,
913 2249 952 2306 ut
968 2241 1059 2323 quod
1082 2241 1295 2307 intellectum
1319 2242 1368 2305 ef-

421 2344 557 2425 fugeret
587 2344 748 2420 hominis,
781 2362 803 2406 a
829 2343 906 2407 Deo
935 2348 1139 2424 expectares
1166 2341 1368 2406 solvendum

423 2443 552 2511 nodum
569 2444 776 2526 aenigmatis.
817 2440 907 2506 Haec
921 2441 1027 2524 igitur
1043 2459 1148 2524 quarn
1161 2440 1281 2506 vidisti
1294 2442 1369 2504 ani-

423 2544 503 2612 cula
529 2552 583 2608 est
606 2545 731 2608 civitas
755 2544 836 2620 ista,
863 2542 930 2606 aevi
953 2542 1023 2605 situ
1045 2541 1241 2624 decrepita3
1270 2542 1370 2625 cujus

418 2644 494 2728 jam
511 2650 687 2708 vetustate
703 2661 833 2725 quassa
853 2642 995 2713 moenia,
1013 2647 1048 2704 et
1062 2641 1213 2705 vicinam
1235 2642 1370 2705 ruinam

423 2743 603 2821 minantia,
629 2750 863 2825 reparatorem
881 2741 1089 2804 desiderant.
1142 2739 1209 2803 Sed
1232 2748 1272 2804 tu
1294 2760 1370 2804 eam

423 2844 532 2906 muris
548 2843 738 2907 reformans
759 2849 796 2906 et
818 2841 953 2924 epibuS,
971 2839 1141 2905 vocabulo
1159 2859 1295 2922 quoque
1317 2841 1370 2903 in·
1399 2857 1405 2865 ·

423 2943 553 3023 signias
576 2950 650 3019 tuo,
666 2949 702 3005 et
727 2940 886 3022 regnabit
907 2940 945 3003 in
967 2958 1008 3003 ea
1030 2946 1198 3021 perpetuo
1222 2940 1372 3022 impera·

424 3040 516 3105 toria
532 3042 727 3123 progenies.
779 3038 863 3104 Non
888 3046 1004 3103 tamen
1021 3045 1082 3103 tuo
1106 3039 1276 3103 arbitratu
1293 3038 1372 3102 fun-

424 3140 588 3205 damenta
604 3140 727 3223 jacies,
745 3140 807 3203 sed
830 3158 974 3203 ascenso
997 3138 1173 3221 sonipede,
1195 3139 1251 3202 cui
1266 3158 1373 3220 quon-

425 3240 505 3303 dam
517 3240 612 3303 rudis
622 3238 831 3304 Christicolae
839 3238 991 3302 insidens
1000 3238 1237 3319 apostolerum
1251 3238 1372 3303 Romae

425 3340 580 3404 circuisti
596 3339 771 3416 ecclesias,
789 3338 920 3403 laxatis
929 3338 1085 3415 habebis,
1101 3357 1170 3419 quo
1181 3338 1275 3402 volet
1289 3357 1373 3401 eun·

426 3439 461 3502 di
480 3447 677 3522 promptum
690 3439 742 3504 illi
756 3438 857 3503 cedes
880 3437 1061 3502 arbitrium
1075 3458 1083 3517 3
1109 3436 1319 3519 habebisque
1335 3438 1373 3501 iu

424 3558 531 3601 manu
555 3539 692 3603 hastam
716 3538 860 3619 regiam,
889 3536 989 3620 cujus
1019 3536 1160 3619 cuspide
1185 3538 1373 3601 interram

426 3645 540 3702 tracta
560 3640 650 3702 muri
673 3638 868 3702 scribentur
884 3636 1045 3718 vestigia.
1098 3635 1267 3700 Consules
1290 3656 1375 3719 ergo

460 3910 510 3961 1Ιιι
517 3912 580 3962 libro
587 3912 626 3961 De
636 3910 810 3974 Virginitate]
823 3911 888 3972 Cap.
913 3925 969 3959 was
979 3910 1097 3959 invented
1112 3911 1138 3957 in
1155 3911 1198 3958 the
1215 3910 1302 3972 eighth
1319 3926 1377 3961 cen·

426 3996 486 4033 xxv.
498 3984 560 4033 edit.
571 3982 702 4031 Wharton.
727 3981 775 4031 See
794 3986 851 4030 note
871 3978 889 4042 ¹,
913 3986 981 4042 tury.
1017 3980 1060 4029 He
1081 3994 1162 4029 seems
1184 3985 1210 4028 te
1231 3980 1296 4030 have
1312 3982 1377 4031 been

426 4047 452 4114 p.
465 4057 507 4102 44.
913 4051 1031 4111 baptized
1043 4048 1094 4100 and
1105 4050 1222 4099 received
1238 4050 1280 4098 the
1297 4051 1380 4112 impo-

431 4126 433 4129 '
460 4119 658 4183 πΒιζνιεὶριιὶιιηι]
682 4120 736 4168 'l'he
754 4118 892 4181 legendos
914 4121 989 4168 sitien
1004 4119 1033 4168 oi
1045 4120 1126 4169 hande
1140 4119 1179 4167 ior
1192 4118 1234 4167 the
1250 4120 1304 4168 first
1313 4122 1375 4171 time

427 4191 611 4240 Constantine’s
630 4192 740 4251 baptism
762 4193 790 4238 at
808 4190 886 4238 Rome
913 4189 1006 4250 during
1024 4189 1064 4237 his
1080 4190 1130 4237 last
1147 4188 1242 4238 illness.
1266 4189 1377 4255 (Euseb.

427 4262 534 4311 thirteen
551 4263 627 4321 'years
645 4260 730 4308 before
748 4259 789 4308 his
811 4258 886 4307 death
913 4261 939 4307 in
950 4260 1003 4309 vit.
1015 4259 1145 4308 Constant.
1157 4259 1202 4309 lib.
1215 4272 1249 4309 rv.
1261 4274 1283 4309 c.
1296 4258 1350 4323 61.)
