3142 5025
416 529 483 595 674
634 544 749 592 ossus
773 542 899 591 ancon
924 540 1139 590 sucronuu.
1235 528 1322 608 [1111.
1339 544 1371 590 v.

558 715 606 762 DE
628 714 792 762 SERLONE
813 713 955 761 Anulus
977 712 1229 762 cwucusrnffl.

256 822 386 913 ,¹5¹ng
470 822 488 905 §
503 822 580 886 441.
599 823 658 900 Et,
673 844 717 887 ne
733 821 864 904 Anglia
879 842 1005 905 expers
1019 822 1101 885 boni
1117 829 1271 904 putetur,
1288 827 1367 908 quis

257 926 296 963 ²⁶¹·
418 922 531 1006 possit
547 923 723 1004 praeterire
749 921 926 986 Serlonem
949 923 1109 985 abbatem
1124 921 1367 989 Gloecestren·

419 1041 504 1098 sem,
517 1022 578 1104 qni
591 1022 706 1086 locum
725 1021 825 1086 illum
842 1041 888 1085 ex
902 1020 1024 1085 humili
1040 1028 1076 1084 et
1091 1040 1181 1103 pene
1202 1024 1298 1087 nullo
1320 1025 1364 1088 ad

418 1121 607 1203 gloriosum
621 1129 824 1204 provectum
840 1121 991 1187 extulitl
1025 1119 1123 1184 Nota
1137 1128 1191 1185 est
1206 1124 1365 1187 omnibus

418 1219 545 1302 Anglis
562 1220 837 1289 Gloecestrensis
859 1221 1009 1284 discreta
1029 1219 1163 1301 religio,
1185 1240 1290 1302 quam
1311 1224 1364 1286 in-

418 1320 536 1383 firmus
567 1322 678 1404 possit
703 1321 892 1403 suspicere,
920 1340 982 1383 nec
1014 1319 1125 1401 possit
1152 1319 1252 1383 sortis
1281 1343 1363 1386 con-

417 1426 581 1484 temnere.
636 1420 716 1485 Hoc
741 1420 811 1483 illis
834 1419 978 1501 signifer
997 1418 1095 1482 Serlo
1117 1419 1247 1495 intulit,
1264 1428 1303 1484 ut
1323 1442 1366 1486 ne

415 1519 499 1601 quid
522 1519 634 1584 nimis.
686 1518 857 1599 Quamvis
872 1527 912 1583 ut
927 1526 1002 1583 erat
1023 1519 1123 1582 bonis
1145 1518 1297 1597 humilis,
1313 1522 1364 1584 ita

415 1618 573 1701 superbis
593 1620 714 1683 minax
741 1638 782 1682 ac
806 1619 981 1682 terribilis.
1032 1614 1090 1679 Ad
1109 1617 1202 1699 quod
1224 1617 1364 1683 firman-

369 1740 373 1753 ·
416 1716 497 1781 dum
518 1737 640 1782 versus
665 1718 709 1782 de
730 1738 772 1782 eo
788 1717 969 1783 Godefiidi
984 1716 1111 1799 prioris
1136 1716 1305 1782 adducam
1327 1719 1364 1782 in

415 1815 577 1882 medium.

619 2004 758 2054 VERSUS
781 2007 829 2053 DE
852 2006 974 2053 EODEM
998 2007 1159 2055 Moa'ruo

413 2111 603 2179 fEcclesiae
621 2131 738 2177 murus
752 2113 888 2190 cecidit,
906 2113 1049 2177 Serlone
1063 2114 1228 2177 cadente:

485 2213 638 2278 Virtutis
653 2211 802 2294 gladius,
818 2213 963 2276 buccina
971 2213 1133 2297 justitiae,
1167 2269 1172 2278 .

436 2312 532 2377 Vera
544 2311 698 2395 loquens,
717 2318 752 2376 et
767 2331 837 2375 non
847 2312 948 2376 vanis
966 2313 1182 2376 sermonibus
1196 2320 1309 2389 utens,

486 2411 545 2490 Et,
561 2430 648 2494 quos
665 2409 843 2493 corripuit,
860 2411 1072 2495 principibus
1088 2412 1231 2494 placuit.

434 2510 458 2576 J
461 2511 611 2577 udicium
626 2531 794 2595 praeceps,
808 2511 1002 2576 contrarius
1020 2511 1149 2576 ordinis
1166 2532 1272 2589 error,

485 2611 533 2676 Et
547 2611 673 2676 levitas
686 2631 833 2687 morum,
848 2631 918 2675 non
934 2611 1095 2694 placuere
1108 2613 1185 2676 sibi.

433 2711 574 2776 Tertius
588 2730 610 2774 a
626 2709 650 2774 J
653 2729 719 2774 ano
733 2711 873 2788 mensis,
886 2711 950 2774 lux
965 2711 1070 2776 tertia
1085 2711 1225 2788 mensis,

484 2809 573 2876 Cum
588 2829 672 2875 nece
685 2829 908 2894 suppressum
925 2811 999 2875 vita
1015 2809 1146 2875 levavit
1160 2811 1261 2874 enm.¹

496 3000 544 3047 DE
566 2999 733 3048 LANZONE
756 2998 891 3047 PRIORE
913 2999 1045 3048 SANG'H
1068 2999 1280 3050 PnNcRATn.

310 3125 385 3206 „l”
461 3107 578 3192 1442.
603 3106 692 3186 Quis
720 3105 916 3171 Lanzonem
945 3114 1074 3183 taceat,
1099 3105 1160 3188 qui
1185 3126 1227 3171 ea
1252 3114 1356 3172 aetate

410 3207 506 3272 nullo
527 3206 671 3271 inferius
695 3208 881 3272 sanctitate
904 3207 1033 3285 floruit,
1059 3206 1250 3271 monachus
1272 3206 1356 3271 Glu-

410 3307 593 3385 niacensis,
616 3315 651 3372 et
672 3306 766 3389 prior
785 3301 913 3370 ¹sancti
940 3305 1120 3370 Pancratii
1142 3306 1179 3369 in
1199 3304 1353 3388 Angliat

410 3406 471 3490 qui
484 3407 657 3491 probitate
672 3425 737 3470 sua
750 3407 802 3470 ita
817 3406 930 3471 locum
944 3405 1042 3469 illum
1061 3407 1265 3469 reverentiae
1278 3426 1352 3469 mo·

362 3519 363 3524 ’
409 3507 555 3571 nachilis
583 3506 697 3589 gratia
720 3505 929 3583 nobilitavit,
960 3512 999 3569 ut
1027 3506 1167 3569 unicum
1189 3506 1354 3570 bonitatis

409 3626 471 3688 pro
494 3625 574 3672 vero
603 3613 778 3670 asseratur
804 3624 879 3669 esse
903 3604 1124 3669 domicilium.
1176 3605 1232 3668 De
1255 3604 1354 3689 cujus

408 3705 483 3771 vita
498 3705 581 3789 quia
594 3706 758 3789 quicquid
776 3705 899 3769 dixero
922 3703 1014 3767 infra
1028 3702 1121 3767 illius
1139 3703 1263 3769 merita
1277 3723 1353 3768 esse

408 3805 589 3882 denuncio,
630 3805 742 3869 solum
778 3805 871 3868 illius
908 3805 1052 3881 obitum,
1079 3803 1192 3867 verbis
1228 3803 1353 3886 quibus

408 3905 574 3988 scriptum
607 3905 736 3982 inveni,
776 3923 962 3987 apponam,
992 3911 1032 3968 ut
1067 3902 1198 3985 liquido
1234 3910 1353 3985 pateat

407 4023 511 4086 quam
528 4004 678 4087 gloriose
695 4004 824 4068 vixerit
839 4004 898 4087 qui
915 4011 987 4068 tam
1001 4002 1154 4085 gratiose
1171 4002 1268 4066 obiit.

520 4259 528 4292 ¹
540 4261 627 4313 Sancti
639 4259 769 4311 Pancrotti
780 4259 806 4309 is
817 4256 934 4321 Angla]
950 4259 987 4307 At
998 4257 1088 4306 Lewes
1098 4256 1125 4306 in
1136 4257 1241 4306 Sussex.
