3142 5025
192 503 346 583 ursin]
426 519 539 567 onsrn
563 520 690 570 nucum
713 521 927 570 suetonum.
1080 505 1143 569 551

192 678 289 751 bant,
306 674 456 739 ludibrio
478 683 672 740 nostrorum
697 676 987 754 excarnificanda,
1003 679 1056 741 vel
1080 682 1140 743 ab·
1155 677 1307 749 sewino.

194 777 276 839 latis
292 776 447 839 vestibus
461 769 692 842 ¹denudanda.
727 776 924 840 Doluerunt
936 777 970 840 id
990 777 1137 844 Franci:

194 895 257 939 nec
286 876 383 958 prius
414 875 624 939 abstiterunt
656 876 748 939 ferro
780 896 941 941 exercere
975 877 1139 957 dolorem,

194 995 301 1057 quam
323 974 442 1051 Turci,
472 976 638 1038 extremis
664 975 765 1040 malis
793 975 888 1052 fessi,
917 975 972 1040 die
998 978 1138 1042 solstitii

195 1075 363 1140 aestivalis
384 1092 447 1156 per
462 1074 695 1138 clandestinos
717 1075 862 1140 nuncios
883 1075 1083 1157 imperatori
1100 1097 1138 1140 se

194 1174 366 1238 dedidere.
393 1173 472 1252 Ille,
486 1174 548 1255 qui
561 1174 646 1236 nihil
662 1182 790 1257 praeter
805 1175 1023 1240 commodum
1036 1195 1137 1240 suum

193 1293 342 1357 pensare
358 1281 489 1350 nosset,
514 1272 735 1337 denunciavit
753 1274 897 1338 Francis
922 1284 960 1339 ut
981 1276 1136 1356 abirent;
1241 1327 1245 1333 ,

194 1373 327 1437 malens
340 1374 456 1436 urbem
475 1372 607 1436 servari
615 1372 807 1438 Turcorum
825 1382 955 1458 apertae
970 1374 1137 1457 perfidiae,

193 1493 298 1556 quam
317 1473 531 1536 Francorum
544 1480 715 1554 suspectae
732 1474 908 1555 potentise.
954 1474 976 1538 J
980 1475 1069 1538 ussit
1083 1483 1136 1538 ta-

194 1592 272 1636 men
300 1572 460 1636 distribui
484 1579 665 1653 argentum
691 1579 727 1635 et
750 1592 873 1636 aurum
898 1575 1136 1656 optimatibus,

193 1691 351 1736 nummos
366 1690 477 1736 aereos
498 1670 729 1748 inferioribus
746 1691 790 1736 ne
812 1691 850 1736 se
871 1674 1137 1738 irremuneratos

194 1780 430 1854 quererentur.
485 1770 543 1835 lta
571 1770 689 1848 anci,
720 1772 780 1852 qui
803 1772 878 1854 jam
914 1793 935 1836 a
969 1775 1138 1855 quinqua-

194 1873 294 1953 ginta
321 1872 422 1935 annis
451 1869 663 1953 Bithyniam,
686 1890 766 1952 quse
795 1879 849 1934 est
880 1891 961 1953 pars
991 1872 1138 1936 Minoris

194 1970 302 2047 Asiae,
316 1989 422 2053 quam
436 1970 644 2034 Romaniam
657 1970 788 2047 dicunt,
800 1970 977 2053 Euphrate
990 1973 1139 2036 transito

193 2070 432 2155 possederant,
460 2071 497 2132 in
522 2070 717 2152 superiores
745 2070 830 2152 fuga
863 2079 974 2135 terras
999 2075 1154 2136 conces:

194 2190 294 2248 sere;
322 2177 547 2234 veruntamen
571 2169 650 2233 ausi
680 2177 774 2247 sunt,
799 2171 977 2234 obsidione
1010 2171 1137 2247 soluta,

193 2270 384 2334 exercitum
400 2269 494 2332 ultra
507 2268 784 2350 progredientem
796 2269 978 2346 incessere,
997 2277 1139 2334 auctore

193 2369 344 2453 quodam
367 2362 586 2433 ²Solimanno
617 2369 674 2432 cni
706 2369 895 2432 dominium
929 2369 1038 2433 totius
1066 2368 1139 2433 Ro·

194 2470 320 2534 maniee
331 2462 529 2550 'obtigerat
582 2467 632 2545 Is,
644 2469 774 2533 coactis
790 2469 1051 2551 sagittariorum
1064 2467 1139 2532 mil-

193 2572 284 2635 libus
312 2569 541 2633 aestimatione
568 2569 732 2632 trecentis
760 2570 956 2651 sexaginta,
988 2577 1138 2646 nostroe,

194 2670 280 2733 nihil
309 2669 422 2732 minus
449 2686 553 2751 qnam
582 2668 708 2730 bellum
734 2668 952 2744 meditantes
979 2677 1078 2733 tanta
1104 2668 1140 2733 vi

194 2788 382 2851 aggressus
404 2774 470 2844 est,
486 2775 538 2842 ut,
553 2766 664 2830 ferreo
678 2767 786 2831 imbre
808 2769 1014 2849 sagittarum
1037 2770 1138 2831 inun-

193 2869 300 2935 dante
328 2867 515 2951 perterriti,
538 2885 658 2929 omnes
682 2866 924 2931 incunctanter
949 2867 1053 2932 dorsa
1067 2888 1138 2931 ›nu-

194 2970 330 3033 darent.
371 2967 418 3031 Et
434 2975 509 3032 tum
527 2965 615 3029 sorte
631 2959 721 3028 ⁴dux
740 2965 961 3043 codofridus,
976 2976 1012 3031 et
1030 2966 1138 3049 Hugo
1190 2964 1192 2967 ’

192 3086 353 3150 magnus,
379 3075 415 3131 et
439 3064 656 3130 Raimundus
681 3066 786 3130 aliam
810 3067 902 3130 viam
926 3068 1139 3144 invaserant,

194 3176 291 3234 utet
318 3167 532 3230 inimicorum
552 3164 665 3228 solum
689 3167 940 3248 popularentur
962 3167 1081 3243 latiuS,
1104 3175 1140 3230 et

193 3269 266 3332 suis
283 3266 412 3350 pabula
428 3270 669 3347 compararent
683 3264 831 3329 facilins.
883 3263 933 3330 At
950 3286 1033 3330 vero
1049 3266 1141 3331 Nor-

193 3385 355 3443 mannus,
375 3365 519 3447 ancipiti
536 3363 731 3427 discrimine
747 3373 936 3447 permotus,
954 3366 1141 3429 adventum

194 3467 400 3542 Turcorum,
415 3463 588 3546 expeditis
602 3463 811 3542 cursoribus,
821 3464 1010 3535 Godesrido
1026 3473 1061 3528 et
1076 3484 1142 3529 cae-

192 3568 277 3633 teris
303 3585 365 3649 per
392 3572 488 3628 tutos
517 3563 672 3627 tramites
699 3563 883 3629 intimavit.
937 3563 1006 3642 Illi,
1036 3584 1141 3627 morae

194 3666 313 3743 nescii,
326 3664 436 3746 signis
452 3664 489 3726 in
507 3661 640 3725 hostem
654 3665 843 3739 conversis,
860 3664 972 3727 socios
987 3664 1143 3745 eripuere

231 3888 240 3920 ¹
257 3885 431 3948 neandrum]
450 3885 485 3935 D.
505 3885 554 3944 E.;
570 3883 658 3945 dejici·
682 3884 710 3933 oi
718 3884 871 3933 Jerusalem.
896 3882 955 3947 (See
967 3882 1008 3930 De
1020 3881 1145 3945 Guignes,

194 3960 270 4020 ends,
280 3957 314 4007 A.
327 3957 356 4007 S.
370 3957 400 4004 C.
412 3956 443 4004 L.
682 3959 792 4004 tomus.
804 3970 829 4015 p.
841 3954 869 4001 ii.
882 3967 926 4015 pp.
939 3951 1058 4017 Iti-80.)

193 4020 659 4155 namesglvirsmlgiolitigeffllfflkihsili
718 4052 728 4081 ³
742 4054 895 4118 Obtigmffl
907 4053 941 4103 Α·
954 4054 988 4104 D·
999 4055 1030 4104 Ε·
1042 4054 1073 4103 1¹·
1085 4070 1091 4114 i
1102 4054 1146 4103 Ob-

194 4168 317 4231 kingdom
328 4165 357 4215 os
365 4166 448 4213 Roum
459 4160 586 4211 extended
596 4159 659 4208 irom
685 4129 796 4185 venem’
807 4124 836 4174 S·
851 4125 881 4173 ⁰·

194 4240 238 4288 the
250 4237 403 4297 Hellespont
413 4239 439 4282 to
450 4233 493 4281 the
509 4232 619 4281 confines
635 4228 664 4277 of
720 4227 730 4253 ⁴
742 4228 827 4291 Dum]
838 4226 872 4275 A.
884 4227 914 4276 S.
928 4228 957 4277 C.
970 4228 1005 4277 D.
1014 4229 1044 4278 L.
1055 4244 1062 4288 3
1075 4230 1148 4277 omit-

194 4309 279 4373 Syria,
290 4306 341 4356 and
351 4304 443 4354 barred
454 4303 497 4351 the
508 4301 660 4364 pilgrimago
686 4297 729 4345 ted
740 4299 767 4345 in
778 4298 811 4346 Ε,

958 4386 1027 4431 202
