3142 5025
403 500 470 568 638
618 515 732 565 essm
756 515 883 563 noenu
907 513 1119 563 suenorum.
1214 500 1302 581 [me.
1319 517 1352 563 v.

404 672 546 755 ipseque
570 691 639 735 non
664 670 755 735 falso
776 669 888 753 possit
913 668 1026 733 dicere
1048 669 1139 747 Deo,
1165 670 1351 749 ‘Domine,

404 771 512 835 dilexi
525 771 682 835 decorem
698 770 821 833 domus
838 767 933 833 tuae?

243 890 334 939 aas·
455 870 567 954 §409.
596 868 879 933 Hiberniensium
911 886 1027 948 regem
1056 866 1294 945 Muroardum,
1316 875 1353 933 et

244 940 391 1039 dimidii,
404 986 621 1033 successores
643 966 731 1051 ejus,
754 986 901 1049 quorum
927 966 1068 1029 nomina
1082 965 1177 1030 fama
1197 986 1269 1030 non
1290 986 1353 1031 ex-

241 1040 279 1079 ⁸⁰'
403 1068 496 1146 tulit,
512 1068 564 1131 ita
580 1067 724 1131 devotos
738 1066 861 1130 habuit
877 1072 996 1129 noster
1012 1064 1200 1142 Henricus,
1216 1073 1256 1130 ut
1266 1066 1353 1130 nihil

403 1165 470 1229 nisi
483 1165 576 1249 quod
592 1185 670 1229 eum
685 1166 846 1248 palparet
861 1165 1062 1241 scriberent,
1074 1163 1161 1227 nihil
1175 1162 1242 1227 nisi
1258 1163 1352 1246 quod

397 1264 538 1347 juberet
570 1271 734 1346 agerent:
776 1263 935 1346 quamvis
965 1262 1098 1326 seratur
1131 1262 1352 1340 Muroardus,

402 1366 519 1428 nescio
543 1382 615 1446 qua
640 1362 824 1439 decanea,
849 1362 969 1444 paucis
992 1361 1114 1424 diebus
1135 1361 1290 1426 inflatius
1312 1363 1349 1425 in

402 1460 538 1545 Anglos
560 1463 693 1543 egisse3
715 1460 776 1526 sed
801 1480 896 1537 mox,
912 1480 976 1543 pro
999 1460 1185 1524 interdicto
1207 1461 1350 1541 navigio

401 1568 437 1625 et
464 1560 685 1625 mercimonio
712 1559 965 1641 navigantium,
994 1565 1164 1623 tumorem
1194 1560 1346 1642 pectoris

400 1659 551 1723 sedasse.
604 1658 738 1737 Quanti
760 1659 852 1722 enim
870 1658 1002 1723 valeret
1027 1657 1200 1722 Hibernia
1224 1658 1255 1721 si
1276 1678 1347 1722 non

399 1758 651 1839 adnavigarent
665 1776 852 1821 mercesex
862 1755 1017 1838 Angliai
1048 1756 1108 1820 Ita
1118 1776 1182 1838 pro
1190 1758 1346 1839 penuria,

399 1856 468 1921 imo
485 1876 548 1939 pro
562 1857 745 1920 inscientia
758 1855 942 1932 cultorum,
951 1854 1112 1938 jejunum
1120 1856 1272 1919 omnium
1285 1856 1347 1919 bo·
1378 1871 1384 1886 0

399 1974 521 2019 norum
546 1955 670 2031 solum,
688 1961 861 2036 agrestem
880 1960 917 2017 et
933 1953 1127 2035 squalidam
1151 1954 1345 2018 multitudi-

398 2073 475 2117 nem
496 2053 766 2118 Hibernensium
789 2060 892 2117 extra
907 2054 1011 2116 urbes
1032 2052 1211 2135 producit:
1234 2051 1345 2134 Angli

397 2172 482 2217 vero
496 2160 533 2219 et
549 2153 686 2229 Franci,
701 2151 840 2216 cultiori
853 2170 980 2232 genere
995 2150 1090 2228 vite,
1099 2151 1202 2214 urbes
1218 2151 1344 2215 nundi-

235 2272 373 2313 Psulmlot
397 2270 519 2316 narum
535 2251 738 2317 commercio
762 2250 968 2315 inhabitant.
1021 2248 1154 2313 Paulus
1169 2249 1344 2314 Orcadum

235 2322 328 2373 ‘mm'
397 2370 523 2430 comes,
541 2350 701 2433 quamvis
719 2347 928 2413 Noricorum
941 2347 1015 2430 regi
1032 2347 1250 2413 haereditario
1263 2349 1343 2433 jure

396 2451 585 2536 subjectus,
607 2451 658 2517 ita
679 2449 772 2532 regis
795 2448 966 2513 amicitias
986 2447 1197 2530 suspiciebat
1212 2455 1252 2514 ut
1268 2468 1342 2514 cre·

395 2552 458 2615 bra
479 2552 512 2616 ei
533 2549 738 2614 munuscula
760 2549 967 2613 missitaret:
991 2566 1071 2611 nam
1093 2553 1130 2612 et
1150 2547 1210 2610 ille
1231 2567 1343 2630 prona

395 2650 576 2733 voluptate
592 2656 792 2713 exterarum
805 2654 975 2711 terrarum
990 2646 1158 2710 miracula
1174 2646 1343 2725 inhiabat,

393 2750 522 2827 leones,
539 2746 735 2831 leopardos,
751 2747 883 2830 lynces,
900 2743 1061 2823 camelos,
1071 2764 1216 2828 quorum
1233 2745 1341 2811 foetus

394 2846 526 2931 Anglia
548 2854 601 2912 est
622 2849 736 2930 inops,
752 2846 876 2928 grandi
898 2844 956 2931 (ut
971 2841 1062 2929 dixi)
1075 2845 1295 2928 jucunditate
1321 2865 1342 2910 a

393 2949 533 3028 regibus
550 2946 670 3011 alienis
687 2945 938 3028 expostulans3
961 2943 1179 3025 habebatque
1198 2963 1343 3027 consep-

394 3053 467 3110 tum
493 3045 586 3128 quod
605 3043 842 3109 wudestoche
864 3043 1001 3119 dicitur,
1030 3042 1067 3106 in
1098 3062 1169 3125 quo
1199 3043 1340 3108 delicies

393 3145 516 3208 talium
541 3163 654 3209 rerum
678 3143 896 3208 confovebat.
948 3141 1189 3224 Posueratque
1205 3142 1253 3205 ibi
1268 3144 1342 3207 ani-

392 3245 462 3307 mal
474 3244 565 3327 quod
579 3236 727 3326 ¹hystrix
736 3252 895 3320 vocatur,
906 3241 1050 3305 missum
1059 3241 1125 3304 sibi
1136 3240 1342 3306 aWillelmo

392 3343 434 3407 de
461 3343 582 3409 Monte
612 3342 779 3421 Pisleri03
802 3341 938 3423 dequo
962 3340 1103 3403 animali
1127 3339 1264 3404 Plinius
1285 3360 1339 3405 se·

391 3443 522 3507 cundus
549 3443 586 3506 in
611 3449 736 3507 octavo
768 3440 951 3504 Naturalis
976 3438 1146 3503 Historiae
1176 3438 1276 3516 libro,
1303 3448 1340 3505 et

392 3541 547 3606 Isidorus
570 3543 613 3606 de
630 3540 872 3624 Etymologiis,
893 3545 1096 3615 memorant,
1112 3556 1189 3602 asse
1211 3538 1340 3603 animal

389 3641 426 3703 in
440 3640 574 3718 Africa,
588 3641 681 3723 quod
698 3638 778 3704 Afri
800 3639 894 3702 ericii
915 3655 1027 3719 genus
1049 3636 1179 3714 dicunt,
1197 3656 1337 3720 cooper-

390 3746 465 3803 tum
484 3740 629 3822 hispidis
651 3740 747 3815 setiS,
765 3724 905 3820 quas‘in
923 3756 1026 3800 canes
1040 3736 1252 3801 insectantes
1275 3757 1339 3800 na·

389 3839 548 3903 turaliter
559 3839 706 3902 emittat.
744 3831 849 3901 ²Sunt
858 3837 949 3900 enim
960 3842 1046 3899 setae
1058 3832 1210 3920 (utvidi)
1221 3837 1339 3918 palmo

389 3945 424 4002 et
442 3937 520 4021 plus
543 3939 669 4020 longae,
687 3938 723 4000 in
745 3943 893 4018 utraque
909 3936 1108 3998 summitate
1131 3941 1267 4015 acutae;
1290 3936 1337 3999 si·

423 4206 430 4238 ¹
444 4208 576 4274 Hyrtaia]
589 4209 664 4260 Mso.
675 4209 736 4258 read
747 4208 845 4258 ‘strix.'
876 4222 934 4257 vero
953 4210 1014 4256 eetae
1031 4205 1093 4265 illae,
1115 4203 1188 4263 E2.;
1205 4211 1265 4253 eunt
1278 4220 1337 4255 vero

420 4275 508 4328 ²Suat
523 4279 586 4328 enim
602 4278 681 4356 sete]
699 4281 723 4328 Ε
732 4284 755 4329 1.
767 4293 775 4341 3
793 4282 852 4328 sunt
875 4283 946 4339 setae,
957 4274 990 4325 A.
1005 4277 1034 4325 C.
1047 4275 1082 4323 D.
1091 4274 1141 4334 103
1158 4277 1217 4322 sunt
1227 4289 1295 4337 vero,
1306 4275 1336 4325 S.
