3142 5025
222 494 372 574 urn.1v.]
454 509 567 558 casm
592 511 717 559 naouu
742 513 953 561 suenorum.
1107 501 1172 564 513

222 678 361 736 sanctos
387 678 517 752 patres,
538 690 704 752 sequaces
727 671 858 736 seilicet
884 673 961 750 Dei,
986 675 1169 757 quicquam
1183 679 1332 770 gffggffile

222 778 349 852 praeter
373 770 541 834 rationem
570 771 716 847 edicere,
744 772 845 852 quasi
872 773 939 836 soli
969 777 1169 841 auctoritati
1183 781 1250 820 ⁰¹⁶0*

222 870 323 933 fidem
338 870 524 933 debeamus
539 868 727 933 adhiberet
781 870 907 954 Itaque
924 872 1074 950 illorum,
1091 896 1170 961 quae

222 968 424 1051 procuditis,
438 977 500 1032 aut
512 969 680 1032 rationem
696 978 758 1033 aut
777 972 1020 1035 auctoritatem
1038 973 1169 1039 afferte.

224 1067 393 1148 Quamvis
419 1087 488 1131 non
513 1068 659 1132 multum
681 1069 807 1133 debeat
829 1069 934 1146 credi,
955 1071 1083 1153 siquid
1106 1074 1170 1137 hu·

223 1187 334 1231 manae
348 1168 492 1231 rationis
508 1167 618 1250 possit
635 1167 792 1248 allegari,
809 1170 902 1250 quod
917 1172 1170 1253 aequipollenti·

181 1310 203 1343 ,
223 1267 288 1330 bus
305 1267 518 1348 argumentis
532 1265 649 1330 valeat
664 1268 834 1331 enervari.
887 1257 1110 1352 Quapropter
1125 1293 1170 1336 ex

224 1366 346 1447 regula
368 1385 447 1448 quae
475 1367 610 1430 ratione
638 1373 674 1429 et
697 1367 904 1430 auctoritate
930 1369 1027 1446 nixa,
1048 1379 1170 1453 utpote

225 1465 376 1530 omnium
400 1465 575 1549 justorum
601 1465 736 1547 spiritu
752 1464 885 1530 dictata
911 1475 976 1540 est,
1005 1470 1085 1533 date
1108 1491 1169 1535 ex·

225 1565 358 1646 empla;
383 1564 474 1646 quod
495 1565 525 1628 si
542 1584 611 1627 non
631 1565 790 1646 potestiS,
809 1565 939 1629 frustra
963 1569 1170 1648 profitemini

223 1665 317 1728 illius
330 1665 598 1746 praerogativam
620 1663 719 1748 cujus
736 1664 956 1729 contemnitis
978 1669 1076 1749 sequi
1091 1669 1171 1734 doc·

225 1764 376 1828 trinam.'

276 1862 294 1946 ᾗ
320 1862 397 1926 335.
421 1859 634 1944 Hujusmodi
664 1863 848 1940 sententia,
874 1864 919 1926 ab
943 1883 1026 1940 nno,
1053 1873 1094 1929 nt
1119 1866 1170 1943 lit,

225 1980 367 2044 serpens
391 1962 427 2025 in
456 1961 554 2036 alica,
581 1961 703 2024 merito
728 1963 837 2026 movit
858 1963 962 2026 corda
989 1965 1103 2028 Deum
1127 1966 1171 2029 ti·

224 2063 390 2125 mentium
414 2081 458 2124 ne
482 2059 570 2122 forte
592 2060 630 2122 in
652 2079 800 2124 vacuum
825 2071 1001 2127 currerent
1026 2071 1088 2127 aut
1110 2084 1170 2127 ou·

226 2161 424 2224 eurrissent.
477 2159 730 2240 Frequentibus
759 2178 843 2240 ergo
869 2163 1031 2242 capitulis
1052 2162 1171 2244 dispu-

226 2261 314 2324 tatio
338 2259 473 2342 agitata
498 2258 590 2322 hune
615 2259 717 2322 finem
742 2259 875 2336 habuit,
900 2269 940 2324 ut
963 2261 1038 2342 ipse
1063 2263 1171 2327 abbas

226 2360 433 2423 sententiam
457 2359 630 2439 probaret,
658 2359 947 2439 supersedendum
974 2360 1170 2442 superfluis,

225 2459 334 2523 solam
362 2456 546 2521 medullam
573 2457 702 2539 regulae
718 2457 970 2540 vestigandam.
1022 2460 1085 2524 Ita·
1101 2460 1170 2527 duo

226 2559 349 2623 fratres
372 2558 484 2633 electi,
513 2558 550 2621 in
577 2559 703 2639 quibus
725 2558 871 2622 scientia
894 2559 1069 2623 literarum
1094 2580 1172 2625 curn

225 2659 391 2740 religione
413 2657 611 2740 quadraret,
633 2658 705 2739 qui,
721 2657 854 2722 vicaria
878 2657 1074 2735 collatione,
1090 2680 1171 2725 aue·

226 2758 311 2821 toris
329 2756 464 2839 regulae
486 2756 702 2820 voluntatem
723 2755 946 2837 inquirerent,
972 2758 1171 2840 inquisitam

226 2857 303 2920 aliis
326 2862 569 2937 proponerent.
620 2854 740 2919 Abbas
763 2856 883 2922 sedulo
906 2876 1008 2937 agere
1023 2866 1062 2921 ut
1076 2864 1171 2923 totus

227 2963 416 3021 conventus
439 2954 685 3029 assentiretur:
709 2954 769 3019 sed
793 2956 877 3035 quia
893 2943 1028 3020 difficile
1040 2976 1062 3019 a
1076 2978 1171 3021 men-

226 3055 318 3119 tibus
340 3054 516 3118 hominum
542 3053 704 3117 avellitur
723 3054 816 3137 quod
841 3074 886 3118 ex
911 3055 1055 3137 antiquo
1080 3059 1171 3122 inse·

225 3154 326 3231 derit,
343 3154 425 3236 quia
438 3153 538 3217 inviti
552 3160 710 3234 expuunt
720 3153 812 3235 quod
828 3154 940 3235 prima
952 3153 1064 3218 saliva
1079 3176 1171 3221 com·

225 3254 385 3330 biberint,
408 3272 495 3335 pene
524 3271 643 3316 omnes
670 3246 861 3334 ¹suscipere
891 3262 1095 3319 recusarunt
1116 3276 1171 3320 res

226 3353 444 3435 novaS,q11ia
461 3353 621 3433 antiquas
638 3344 857 3433 ²diligebant.
902 3352 975 3416 soli
997 3354 1114 3418 decem
1136 3364 1172 3420 et

226 3460 318 3530 octo,
351 3453 388 3516 in
415 3452 539 3533 quibus
572 3451 788 3532 Hardingus,
810 3442 898 3534 qur*
901 3460 937 3516 et
963 3452 1171 3535 Stephanus

225 3560 349 3616 saneta
370 3551 601 3615 obstinatione
623 3552 833 3632 pervicaces,
859 3571 938 3615 eum
961 3553 1085 3616 abbate
1107 3573 1171 3618 suo

225 3652 419 3715 coenobium
436 3650 697 3731 derelinquunt;
724 3651 992 3731 pronunciantes
1006 3671 1076 3716 non
1090 3673 1170 3734 pos·

224 3770 262 3814 se
276 3750 406 3832 regulae
421 3750 608 3832 puritatem
623 3749 789 3813 custodiri
800 3750 835 3811 in
846 3749 923 3813 loco
939 3749 997 3812 ubi
1014 3758 1050 3813 et
1066 3770 1170 3833 opum

222 3850 399 3931 congeries
411 3858 446 3913 et
456 3849 609 3913 ciborum
624 3848 808 3929 indigeries
823 3849 927 3911 etiam
942 3848 1168 3914 reluctantem

224 3950 375 4014 animum
401 3948 599 4012 offocarent.
652 3948 766 4029 Igitur
783 3947 945 4011 Cistellas
959 3967 1095 4025 venere,
1119 3950 1169 4014 lo·

259 4224 431 4297 morawa]
450 4229 483 4279 A.
497 4231 573 4279 ns.
585 4231 616 4279 n.
628 4246 634 4291 ;
646 4246 684 4279 re·
746 4228 936 4300 mergara]
956 4234 984 4283 s.
996 4235 1044 4295 n.;
1069 4218 1174 4285 oniuau

223 4302 318 4362 cipere,
329 4301 357 4350 S.
372 4302 401 4349 C.
711 4300 737 4348 in
749 4302 782 4350 A.
797 4302 870 4367 C.⁴D.
885 4304 915 4351 E.
