3142 5025
401 481 469 547 728
686 500 862 550 msronm
884 498 1063 549 uovnnm.
1208 480 1298 564 [mn.
1315 494 1355 542 11.

243 672 393 765 mog-m
404 657 451 721 ab
477 655 532 721 his
557 656 661 721 etiam
687 676 774 741 quos
801 656 977 721 felicitatis
1003 656 1079 739 ejus
1107 655 1241 719 invidia
1266 654 1355 721 clam

341 734 387 774 ω’
404 757 597 835 mordebat,
608 758 828 843 maximeque
843 777 866 821 a
877 756 1044 821 ministris
1059 763 1095 819 et
1108 748 1209 819 ¹tuuc
1225 755 1356 820 debito-

406 857 501 920 ribus
518 856 622 938 regis,
642 857 674 921 ci
690 876 907 940 quaecunque
929 875 1017 939 pene
1040 856 1230 937 cogitasset
1243 856 1357 919 coufe-

406 958 583 1020 rebantur.
615 956 653 1021 Si
670 956 752 1039 qnid
770 956 1047 1037 possessionibus
1064 955 1140 1037 ejus
1155 956 1356 1037 contiguum

407 1064 484 1122 erat
503 1055 596 1137 quod
623 1056 696 1119 suis
719 1056 929 1119 utilitatibus
953 1054 1172 1132 conduceret,
1193 1056 1356 1119 continuo

407 1157 464 1220 vel
488 1176 590 1239 preco
605 1156 660 1221 vel
684 1157 809 1239 pretio,
831 1156 886 1220 sin
909 1155 1023 1218 minus
1040 1155 1218 1231 violentia,
1241 1162 1357 1219 extor-

407 1258 548 1339 quebat.
600 1256 695 1338 Ipse,
710 1255 879 1337 singulari
899 1254 1010 1337 gloria
1027 1252 1214 1339 (quantum
1237 1252 1356 1319 nostra

406 1363 495 1420 aetas
521 1355 692 1420 reminisci
717 1353 847 1443 potest)
876 1356 914 1419 in
947 1354 1106 1418 domibus
1133 1353 1356 1431 aedificandis,

407 1455 590 1539 splendida
604 1475 667 1538 per
679 1474 800 1518 omnes
814 1455 1051 1537 possessiones
1063 1472 1148 1518 suas
1163 1454 1358 1518 construxit

408 1556 618 1632 habitacula,
634 1555 671 1617 in
688 1556 813 1635 quibus
828 1553 941 1618 solum
957 1553 1095 1619 tuendis
1120 1572 1356 1619 successorum

409 1655 485 1738 ejus
506 1655 636 1718 frustra
654 1654 827 1718 laborabit
851 1671 979 1735 opera3
1003 1653 1120 1717 sedem
1144 1672 1242 1716 suam
1264 1654 1357 1716 miri-

409 1754 484 1819 ficis
508 1753 721 1818 ornamentis
745 1760 781 1817 et
796 1752 962 1829 aedificiis‚
986 1753 1074 1817 citra
1095 1752 1204 1816 ullam
1228 1772 1358 1835 expen-

408 1872 527 1919 sarum
543 1853 804 1936 parcimoniam,
824 1854 860 1915 in
875 1854 1078 1916 immensum
1095 1853 1233 1917 extulit.
1273 1850 1358 1916 Erat

409 1972 551 2036 prorsus
566 1954 691 2017 mirum
704 1953 821 2019 videre
838 1953 880 2017 de
895 1952 1031 2016 homine
1044 1953 1117 2029 illo,
1129 1950 1267 2035 'quanta
1281 1970 1357 2017 eum

408 2053 446 2117 in
468 2054 563 2117 omni
578 2072 704 2135 genere
720 2053 930 2134 dignitatum
950 2071 1054 2135 opum
1071 2054 1286 2143 sequebatur
1302 2072 1359 2116 oo·

408 2153 479 2236 pia,
494 2159 530 2216 et
550 2154 652 2235 quasi
670 2152 716 2216 ad
737 2171 876 2216 manum
900 2151 1084 2216 affluebat:
1109 2151 1279 2234 quantula
1299 2151 1359 2215 illa

408 2253 534 2334 gloria,
555 2252 643 2339 (qua
663 2252 746 2334 quid
770 2258 891 2335 posset
910 2251 1066 2315 accidere
1087 2250 1199 2334 majus
1211 2247 1245 2334 l)
1268 2251 1358 2333 quod

409 2351 498 2416 duos
514 2360 670 2435 nepotes,
685 2372 758 2416 suae
771 2351 988 2415 educationis
1006 2370 1123 2433 opera,
1143 2349 1298 2415 honestae
1320 2350 1361 2413 li-

412 2458 575 2517 teraturae
591 2459 627 2517 et
638 2452 819 2516 industriae
833 2452 939 2530 viros,
955 2450 1280 2534 effecitepiscopos3
1298 2470 1360 2515 uec

411 2571 495 2617 vero
509 2553 652 2616 exilium
669 2553 942 2636 episcopatuum,
959 2551 1018 2615 sed
1035 2545 1308 2615 Lindocolien'sis
1326 2558 1361 2615 et

413 2651 602 2729 Heliensis,
625 2653 751 2735 quibus
781 2652 1015 2734 opulentiores
1038 2651 1154 2716 nescio
1177 2651 1207 2714 si
1235 2647 1361 2715 habeat

413 2749 553 2833 Anglia.
605 2752 784 2816 Sentiebat
803 2752 878 2834 ipse
895 2757 1063 2834 quantum
1085 2757 1215 2834 posset,
1233 2757 1280 2827 et,
1298 2751 1360 2814 ali*

411 2859 545 2934 quanto
565 2851 685 2916 durius
708 2870 813 2935 quam
840 2852 945 2916 talem
960 2851 1072 2916 virum
1094 2847 1242 2927 deceret,
1260 2850 1361 2914 Divi-

411 2951 531 3016 nitatis
556 2952 764 3015 abutebatur
789 2950 1017 3033 indulgentia.
1072 2950 1251 3033 Denique,
1270 2951 1361 3014 sicut

412 3057 518 3133 poeta
534 3050 674 3131 quidam
689 3051 732 3114 de
748 3043 916 3133 ²quodam
930 3049 1037 3116 divite
1051 3048 1148 3127 dicit,

464 3191 637 3277 animia
652 3197 814 3276 aedificat,
828 3204 942 3262 mutat
956 3197 1127 3280 quadrata
1143 3198 1301 3264 rotundis
1311 3198 1333 3278 ;’

413 3348 464 3413 ita
478 3347 652 3428 Rogerius
669 3347 827 3412 abbatias
841 3347 878 3410 in
895 3346 1146 3429 episcopatum,
1161 3365 1215 3410 res
1230 3346 1362 3429 episco-

412 3455 518 3532 patus
530 3448 567 3512 in
585 3449 773 3526 abbatiam,
786 3448 934 3511 alterare
949 3453 1095 3510 conatus
1108 3452 1173 3510 est.
1198 3445 1361 3510 Malmes-

413 3549 563 3613 hiriense
598 3555 635 3612 et
662 3545 990 3622 Abbadesbiriense,
1020 3546 1263 3628 antiquissima
1286 3542 1360 3610 'coe-

412 3649 529 3725 nobia,
553 3646 741 3733 (quantum
765 3648 801 3710 in
825 3647 902 3729 ipso
925 3640 1009 3729 suit)
1031 3645 1246 3728 episcopatui
1270 3645 1361 3710 dele·

412 3749 533 3831 gavit:
561 3747 862 3811 Scireburnenscm
891 3746 1094 3828 prioratum,
1118 3745 1179 3827 qui
1202 3746 1362 3828 proprius

409 3855 467 3912 est
482 3848 635 3930 episcopi
650 3845 922 3923 Salesbiriensis,
939 3846 976 3909 in
998 3845 1173 3909 abbatiam
1195 3846 1360 3924 mutavit;

412 4068 559 4194 dn...]
577 4074 628 4132 ⁸⁹³
645 4073 787 4208 ww
799 4071 873 4122 Μ’
935 4135 1048 4187 mama
1060 4173 1067 4186 .
1081 4173 1087 4187 .
1101 4174 1107 4188 .
1119 4139 1253 4205 raama]
1271 4139 1362 4193 Horta

411 4210 595 4333 Lgandaat]
608 4213 658 4274 E.;
669 4212 792 4277 quolibet,
803 4212 831 4264 S.
840 4212 874 4261 D.
901 4210 982 4272 Epist.
995 4221 1014 4259 1.
1029 4211 1052 4258 l.
1066 4212 1121 4259 1⁰0.
