3142 5025
388 521 454 589 536
609 537 724 588 onsrn
747 537 876 590 aucun
898 539 1114 588 nnonoaun.
1188 523 1275 606 [nin.
1293 536 1343 587 tv.

391 697 483 762 notis
511 697 645 761 artibus
671 697 792 762 toxica
812 695 870 762 vel
894 695 1093 760 fluminibus
1112 694 1169 759 vel
1186 695 1344 760 vestibus

391 795 595 862 infundens:
620 796 680 860 sed
697 796 772 860 baec
789 795 1023 880 postmodum.
1075 794 1167 858 Tum
1184 814 1267 859 vero
1282 814 1343 858 ex·

393 896 538 960 ercitum
563 897 648 960 urbe
673 915 808 973 arcens,
828 886 1099 978 proceribusque
1122 894 1251 957 blande
1272 893 1344 958 col·

393 996 543 1074 locutus,
566 1003 704 1060 tantum
723 994 833 1060 Graia
849 994 1012 1059 facundia
1029 994 1152 1070 valuit,
1173 1000 1215 1057 ut
1229 1012 1252 1057 a
1270 994 1343 1057 sin·

394 1095 487 1177 gulis
511 1095 700 1160 hominium
730 1102 766 1159 ct
791 1101 1044 1159 sacramentum
1069 1094 1228 1175 exigeret
1250 1091 1344 1175 quod

395 1193 448 1260 illi
461 1194 547 1258 nihil
563 1195 635 1259 doli
650 1195 950 1273 machinarentur3
973 1193 1066 1275 quod
1082 1194 1185 1256 urbes
1198 1193 1344 1275 imperio

396 1312 461 1360 suo
486 1294 708 1377 appendices,
725 1294 757 1358 si
777 1292 959 1375 adquirere
979 1298 1135 1375 possent,
1150 1292 1345 1370 redderent,

396 1394 577 1476 sanguinis
599 1394 654 1458 sui
678 1393 834 1476 periculo
856 1393 1008 1456 alienum
1032 1399 1227 1456 mercantes
1250 1411 1345 1455 com-

397 1492 550 1558 modum.
601 1493 675 1557 Soli
703 1490 902 1557 Raimundo
916 1490 993 1556 visa
1014 1498 1068 1556 est
1089 1491 1265 1574 antiquior
1286 1497 1344 1554 tu·

397 1591 497 1656 endae
510 1591 682 1656 libertatis
703 1591 831 1674 gratia,
847 1597 888 1656 ut
902 1609 967 1655 nec
980 1590 1049 1673 ipsi
1066 1609 1167 1654 suum
1188 1590 1345 1654 subster-

399 1698 496 1755 neret
517 1691 718 1768 bominium,
743 1710 808 1754 nec
834 1690 1055 1772 profiteretur
1079 1696 1343 1755 sacramentum.

400 1789 539 1873 Itaque,
562 1791 692 1856 coactis
714 1790 875 1855 omnibus
889 1789 1032 1869 viribus,
1056 1790 1203 1854 Niceam
1223 1790 1344 1853 urbem

398 1889 563 1954 Bitbiniae
591 1890 853 1972 aggrediuntur.
904 1888 1024 1972 Ipsam
1047 1882 1156 1953 ¹enim
1185 1889 1346 1972 primitus

282 2049 284 2053 .
397 1990 578 2073 placuerat
593 1990 724 2068 invadi,
739 1988 833 2071 quod
848 1994 884 2054 et
899 1988 1075 2053 viantibus
1097 1987 1293 2065 obsisteret,
1310 1995 1347 2052 et

398 2094 544 2153 mortem
559 2089 818 2171 peregrinorum
834 2107 945 2170 nuper
959 2089 1008 2152 ibi
1022 2088 1215 2152 occisorum
1232 2088 1345 2151 ultum

398 2188 449 2252 ire
474 2189 618 2252 animati
644 2194 779 2253 essent:
813 2207 962 2270 namque
986 2186 1166 2251 Walterus
1192 2187 1346 2269 quidam,

398 2287 497 2352 miles
515 2289 681 2370 probatus
704 2287 765 2351 sed
782 2306 950 2370 praeceps,
963 2285 1065 2373 (quia
1080 2287 1141 2350 vix
1158 2287 1195 2350 in
1210 2286 1347 2350 bomine

398 2406 468 2452 uno
489 2388 696 2470 sapientiam
717 2396 753 2452 et
766 2386 949 2451 audaciam
970 2386 1239 2469 conspicaberis,
1252 2385 1347 2467 quod

398 2486 509 2551 altera
523 2493 687 2565 moretur,
699 2487 810 2551 altera
824 2482 1049 2571 praecipitet)
1060 2486 1346 2569 incircumspecte

397 2586 490 2650 circa
515 2586 644 2651 moenia
668 2586 854 2662 cursitans,
877 2605 955 2649 cum
979 2586 1091 2651 multa
1112 2604 1219 2649 manu
1242 2604 1347 2650 occu⁴

397 2685 530 2749 buerat.
583 2684 670 2749 Eam
686 2704 827 2749 manum
844 2683 972 2749 Petrus
991 2685 1159 2750 heremita
1175 2684 1344 2768 praedioa·

398 2784 551 2850 tionibus
564 2784 637 2851 suis
654 2784 697 2849 de
713 2785 831 2868 patria
844 2784 1051 2868 pellexerat.

636 2976 683 3023 DE
706 2975 873 3023 Rosulano
895 2975 1112 3025 NORMANNO.

236 3100 359 3141 suna
449 3078 559 3163 §aaa
582 3079 606 3147 J
609 3100 665 3145 am
686 3100 770 3146 vero
795 3102 912 3146 meuse
937 3083 1143 3166 Septembri,
1169 3083 1346 3149 Robertus

400 3177 832 3259 Normannorumcomes,
845 3181 1135 3247 iraterWillelmi
1158 3186 1262 3265 regis,
1284 3204 1346 3248 cu-

393 3277 454 3361 jus
470 3278 611 3342 titulum
624 3279 679 3343 bic
696 3280 784 3345 liber
799 3288 927 3363 gestat,
942 3283 1010 3346 iter
1021 3282 1106 3345 illud
1120 3282 1250 3348 adoriri
1265 3304 1346 3365 ges·

398 3376 500 3455 tiens,
517 3378 639 3443 habuit
653 3379 766 3444 socios
782 3380 976 3445 Robertum
989 3381 1249 3459 Flandrenscm,
1267 3383 1346 3447 Ste-

396 3476 552 3559 phanum
585 3478 786 3543 Blesensem
823 3479 954 3544 sororis
990 3481 1164 3545 maritum.
1216 3480 1346 3547 Omnes

397 3575 523 3659 amplae
552 3578 723 3659 prosapiae
746 3579 903 3656 comites,
924 3578 961 3642 in
983 3580 1109 3660 quibus
1122 3582 1235 3646 virtus
1257 3582 1346 3647 citra

397 3694 508 3756 genus
530 3695 601 3740 non
628 3683 714 3741 erat.
767 3676 946 3741 Parebant
972 3678 1022 3742 eis
1042 3676 1162 3760 Angli,
1185 3687 1221 3745 et
1249 3680 1345 3745 Nor·

397 3775 526 3853 manni,
549 3782 585 3841 ct
603 3774 846 3840 Occidentales
869 3776 1007 3855 Franci,
1028 3785 1065 3841 et
1090 3778 1291 3857 Flandritae,
1309 3789 1345 3846 et

395 3874 549 3938 omnium
564 3875 770 3958 populorum
787 3876 887 3940 cunci
904 3876 964 3957 qui
986 3877 1030 3940 ab
1054 3896 1184 3941 oceano
1204 3879 1345 3943 Britan·

396 3972 474 4036 nico
491 3992 602 4056 usque
619 3974 663 4036 ad
680 3972 791 4056 Alpes
808 3975 1059 4039 mediterraneo
1076 3983 1192 4040 tractu
1210 3978 1343 4060 jacent.

396 4068 455 4133 Ita
471 4072 564 4135 viam
581 4072 727 4153 profecti
742 4067 964 4156 ²receperunt
977 4073 1070 4156 apud
1088 4074 1203 4139 Lucas
1216 4097 1345 4160 papam

429 4287 587 4355 marmur.
600 4294 856 4357 aunemun-
915 4268 1111 4352 maenaa]
1124 4274 1347 4339 anapaestum,

391 4360 539 4411 tedium.
880 4342 1346 4460 fsthrerenunt‚8·0·;rerrererunt‚
