3142 5025
402 512 468 579 732
687 529 861 579 rusroma
885 528 1064 577 novacen.
1211 514 1298 595 [mn.
1315 529 1355 574 11.

403 694 438 753 et
467 686 565 751 ducis
593 687 702 770 probe
730 685 877 751 officium
909 686 1166 769 exequebatur:
1207 686 1354 768 denique

403 788 623 863 munitiones,
648 806 727 870 qnae
750 788 970 870 potissimum
997 786 1155 868 partibus
1183 787 1353 868 susceptis

405 887 588 963 nocebant,
605 893 744 950 strenue
755 885 961 964 debellavit3
982 878 1130 950 ¹seilicet
1141 885 1354 968 Harpetreu‚

404 1006 510 1068 quam
535 1006 597 1050 rex
613 985 812 1070 Stephanus
835 1006 857 1051 a
878 985 1084 1068 quibusdam
1106 986 1273 1049 militibus
1295 1005 1354 1049 oo-

404 1086 510 1162 mitis,
527 1094 713 1169 antequam
726 1086 764 1149 in
780 1084 945 1167 Angliam
960 1086 1125 1163 venisset,
1141 1092 1299 1169 ceperat;
1318 1091 1354 1149 et

404 1186 491 1251 alias
507 1186 647 1264 multas,
668 1185 819 1264 Sudleie,
834 1184 972 1263 Cemei,·
993 1204 1098 1267 qnam
1121 1204 1195 1262 rex,
1210 1192 1250 1248 ut
1267 1184 1354 1262 dixi,

403 1285 570 1351 militibus
584 1286 657 1349 suis
671 1285 893 1368 impleverat;
909 1291 944 1347 et
958 1284 1137 1347 castellum
1155 1285 1248 1368 quod
1262 1284 1353 1348 idem

403 1404 466 1449 rex
489 1392 611 1449 contra
625 1384 862 1467 valengeford
885 1383 1140 1461 obfirmaverat,
1162 1384 1237 1449 solo
1260 1404 1353 1449 com-

402 1485 571 1567 planavit.
625 1484 782 1548 Fratrem
813 1484 918 1548 etiam
950 1502 1050 1547 suurn
1078 1483 1285 1547 Reinaldum
1315 1485 1352 1547 in

403 1591 504 1649 tanta
514 1581 715 1647 difficultate
733 1584 898 1667 temporis
910 1584 1069 1647 comitem
1084 1582 1353 1649 Comubiaecre-
1427 1648 1430 1654 ,

403 1683 489 1747 avit.
535 1682 612 1747 Nec
625 1701 709 1747 vero
732 1683 846 1747 minor
860 1690 935 1747 erat
951 1684 1026 1764 regi
1047 1683 1181 1748 animus
1204 1684 1249 1748 ad
1271 1683 1353 1749 ade-

364 1804 367 1811 ·
402 1782 496 1847 unda
516 1800 595 1865 quae
621 1782 687 1846 sibi
712 1784 955 1866 competebant
980 1783 1109 1858 munia,
1134 1784 1194 1865 qui
1220 1781 1350 1847 nullam

402 1882 618 1949 occasionem
647 1876 934 1965 praetermittebat
960 1901 1029 1965 quo
1058 1883 1172 1946 minus
1198 1902 1293 1966 saepe
1316 1890 1351 1947 et

402 1980 620 2046 adversarios
642 1983 862 2067 propulsaret
887 1989 922 2047 et
948 2000 1013 2045 sua
1039 1981 1258 2062 defenderet;
1291 1983 1351 2047 sed

401 2080 634 2146 frustrabatur
657 2083 886 2158 successibus,
908 2081 1167 2165 vergebantque
1190 2083 1227 2145 in
1251 2081 1351 2166 pejus

402 2183 518 2246 omnia
531 2202 594 2265 pro
607 2181 755 2265 justitiae
773 2182 939 2264 penuria:
959 2182 1102 2264 jamque
1119 2175 1263 2246 ²caritas
1289 2200 1352 2245 an-

401 2299 502 2346 nonae
528 2281 696 2364 paulatim
720 2281 918 2360 erescebat3
942 2288 977 2345 et
1000 2300 1063 2364 pro
1087 2280 1241 2346 falsitate
1264 2280 1351 2345 diffi-

400 2380 514 2445 cultas
531 2375 639 2445 ³enim
664 2389 813 2447 monetae
829 2388 929 2445 tanta
951 2388 1038 2459 erat,
1055 2388 1095 2444 ut
1110 2382 1283 2455 interdum
1306 2401 1350 2445 ex

399 2479 516 2546 decem
534 2487 568 2546 et
585 2500 626 2546 eo
640 2481 790 2565 amplius
813 2479 932 2546 solidis
949 2481 1010 2544 vix
1027 2480 1206 2546 duodecim
1220 2481 1353 2547 denarii

399 2581 643 2665 reciperentur.
707 2581 898 2646 Ferebatur
927 2582 1001 2663 ipse
1032 2601 1095 2646 rex
1125 2582 1260 2664 pondus
1290 2582 1352 2646 de·

400 2681 586 2757 nariornm,
601 2679 694 2763 quod
709 2681 823 2744 fuerat
840 2687 992 2763 tempore
1016 2680 1162 2745 Henrioi
1180 2683 1283 2764 regie,
1299 2682 1349 2745 al-

398 2779 522 2845 leviari
550 2781 720 2864 jussisse3
759 2779 853 2863 quia,
884 2780 1057 2844 exhausto
1087 2779 1350 2863 praedecessoris

398 2880 454 2943 sui
475 2880 642 2944 immenso
667 2881 728 2944 illo
750 2880 928 2956 thesauro,
951 2887 1005 2944 tot
1021 2879 1168 2944 militum
1188 2882 1350 2964 expensis

399 2980 558 3061 nequiret
584 2977 752 3042 sufficere.
805 2979 917 3044 Erant
932 2979 1040 3061 igitur
1055 2978 1195 3062 Angliae
1223 2988 1350 3046 cuncta

399 3077 556 3157 venalia3
580 3078 701 3161 etjam
717 3097 787 3143 non
804 3080 905 3156 clam,
923 3080 984 3142 sed
1000 3079 1129 3161 palam,
1143 3080 1296 3145 ecclesiae
1314 3088 1350 3145 et

397 3177 548 3241 abbatiae
564 3195 700 3242 vaenum
714 3177 1004 3243 distrahebantur.

698 3364 747 3411 nn
770 3364 908 3412 noulrsr
932 3365 1042 3416 sous

309 3496 321 3525 ο
448 3468 536 3553 §db
560 3470 614 3535 Eo
636 3489 729 3536 anno
752 3471 787 3534 in
805 3471 1093 3556 Quadragesima,
1111 3476 1348 3542 tertiodecimo

259 3547 290 3675 θ’·
308 3547 374 3635 nire.
396 3567 566 3633 kalendas
591 3568 737 3654 Aprilis,
768 3570 855 3635 bora
877 3593 982 3652 nona,
1007 3573 1094 3638 seria
1117 3583 1254 3658 quarta,
1282 3575 1348 3640 fuit

351 3665 357 3677 '
395 3669 546 3751 eclipsis,
570 3689 633 3753 per
656 3676 765 3734 totam
792 3669 957 3753 Angliam
987 3681 1027 3737 ut
1052 3675 1179 3758 accepi.
1243 3674 1349 3758 Apud

394 3788 458 3832 nos
474 3776 579 3846 certe,
597 3775 632 3834 et
649 3769 741 3852 apud
757 3790 877 3834 omnes
892 3773 1024 3836 vicinos
1046 3781 1196 3851 nostros,
1212 3775 1263 3839 ita
1285 3796 1346 3839 no·

394 3868 549 3932 labiliter
577 3869 661 3933 solis
684 3870 873 3953 deliquium
896 3871 974 3950 suit,
1000 3879 1040 3936 ut
1057 3872 1213 3938 homines
1236 3873 1346 3960 (quod

919 4107 930 4140 ²
941 4111 1063 4176 Coraca]
1075 4113 1105 4163 S.
1117 4113 1149 4163 Ε.
1159 4113 1212 4162 Μ.
1218 4129 1228 4177 ,·
1246 4117 1346 4179 raritas,

429 4137 549 4223 'Scilicet
566 4144 707 4208 Hnrpetrea
795 4160 857 4194 omn·
882 4179 909 4228 D

387 4207 521 4280 placarat]
541 4215 588 4274 Ε.;
605 4216 708 4266 omitted
728 4216 754 4266 in
772 4217 801 4266 S.
825 4217 854 4267 C.
911 4215 917 4229 '
