3142 5025
259 674 345 714 Councll
354 678 376 713 at

260 725 399 764 winchester.

264 2262 322 2315 Sept.
333 2267 351 2305 1.

263 2362 320 2410 Sept.
331 2362 361 2400 ³⁰.

264 2412 313 2450 Earl
323 2412 402 2451 ltcbart

264 2462 343 2499 arrives
352 2461 375 2499 in

265 2511 363 2560 England

265 2561 318 2600 with
326 2561 364 2601 tlte

265 2621 365 2660 emptast.

419 484 484 547 724
704 498 877 547 ursroara
900 498 1077 577 novenni.
1224 483 1311 563 [nra.
1330 496 1368 543 11.

419 662 530 733 esset3
554 672 616 719 seu
635 653 984 735 quoniamaudirent,
998 652 1139 735 quidam
1153 653 1258 715 etiam
1275 652 1370 715 vide-

419 761 508 831 rent,
533 753 668 835 gladios
692 754 784 817 circa
813 772 851 817 se
884 752 1017 816 nudari.
1075 751 1111 815 N
1113 772 1157 815 on
1180 750 1272 815 enim
1294 750 1369 833 Jam

419 852 553 916 ludicra
577 860 677 916 erant
691 854 810 929 verba,
825 851 886 915 sed
902 851 945 915 de
962 852 1036 917 vita
1050 858 1086 914 et
1099 851 1270 931 sanguine
1282 870 1370 932 pene

419 951 629 1015 certabatur.
682 951 765 1016 Non
797 952 987 1016 omiserunt
1016 957 1132 1013 tamen
1155 949 1301 1031 'legatus
1333 956 1369 1013 et

421 1050 700 1132 archiepiscopus
716 1050 801 1133 quin
814 1056 968 1114 tenorem
985 1046 1088 1113 officii
1106 1049 1160 1111 sui
1182 1068 1369 1131 proseque-

420 1156 558 1213 rentur:
583 1148 785 1231 suppliciter
810 1150 901 1213 enim
928 1148 1073 1231 pedibus
1095 1148 1187 1228 regis
1210 1147 1247 1210 in
1273 1148 1369 1210 cubi-

421 1248 500 1312 culo
521 1248 643 1326 'affusi
672 1255 860 1313 oraverunt
886 1253 927 1310 ut
956 1248 1176 1310 misereretur
1201 1246 1369 1323 ecclesiae,

421 1347 641 1411 misereretur
665 1348 789 1411 animae
813 1353 850 1410 et
871 1345 973 1410 lamae
993 1364 1078 1422 snae,
1102 1364 1166 1409 nec
1191 1352 1368 1427 pateretur

421 1446 494 1509 fieri
511 1445 690 1510 dissidium
706 1448 953 1527 interregnum
968 1452 1003 1509 et
1019 1444 1261 1508 sacerdotium.
1300 1444 1368 1509 Ille

420 1545 605 1625 dignanter
628 1563 828 1626 assurgens,
854 1544 1012 1626 quamvis
1037 1562 1059 1606 a
1081 1560 1119 1606 se
1144 1543 1229 1607 iacti
1250 1562 1369 1606 eorum

421 1643 620 1707 amoliretur
639 1643 818 1721 invidiam,
842 1642 1011 1707 malorum
1034 1649 1151 1706 tamen
1170 1650 1369 1725 praeventus

420 1741 584 1817 consiliis,
603 1742 732 1807 nullam
746 1730 914 1807 bonorum
929 1740 1196 1825 promissionum
1212 1740 1371 1805 exhibuit

422 1839 620 1905 efficaciam.

423 2026 470 2072 DE
492 2026 664 2076 ADVEN'I'U
688 2028 950 2076 lMPERA‘l'RIGlS
974 2030 1019 2075 Et*
1042 2028 1200 2077 aosnarl
1224 2030 1372 2077 contris

772 2128 809 2176 IN
833 2128 1009 2176 attenuas.

474 2233 563 2316 §29.
591 2232 761 2298 Kalendis
785 2234 997 2317 Septembris
1020 2235 1171 2298 solutum
1189 2242 1242 2299 est
1258 2236 1373 2299 conci-

423 2332 516 2396 lium.
570 2333 687 2397 Pridie
703 2353 786 2397 vero
803 2332 1029 2397 kalendarum
1042 2333 1244 2397 Octobrium
1258 2354 1373 2398 comes

426 2431 613 2511 Robertus,
625 2432 764 2496 tandem
779 2452 891 2503 nexus
906 2451 1080 2496 morarum
1095 2431 1279 2509 eluctatus,
1294 2453 1374 2497 cum

424 2551 541 2596 sorore
566 2533 783 2615 imperatrice
809 2533 968 2597 invectus
997 2540 1053 2597 est
1076 2532 1229 2614 Angliea
1261 2533 1372 2598 fretus

423 2632 553 2713 pietate
568 2632 635 2696 Dei
650 2640 684 2696 et
704 2631 771 2695 fide
785 2631 932 2714 legitimi
947 2632 1173 2696 sacramenti:
1197 2639 1372 2710 caeterum,

424 2731 533 2795 multo
549 2731 680 2796 minore
696 2750 869 2795 armorum
885 2738 1057 2814 apparatu
1073 2750 1176 2815 quam
1190 2731 1268 2813 quis
1284 2731 1374 2795 alius

424 2835 496 2892 tam
523 2830 753 2913 periculosum
779 2830 908 2895 bellum
938 2830 1081 2912 aggredi
1109 2837 1272 2907 tentaret,
1303 2851 1372 2894 non

424 2928 517 2991 enim
544 2928 727 3011 plusquam
759 2935 896 2992 centum
926 2936 962 2993 et
984 2929 1217 3012 quadraginta
1246 2929 1374 2994 milites

425 3032 508 3089 tunc
536 3045 652 3090 secum
681 3026 840 3091 adduxit.
902 3027 1118 3092 Testimonio
1144 3028 1373 3092 veridicorum

424 3124 612 3189 relatorum
641 3135 754 3190 sermo
781 3145 878 3201 meus
902 3127 1040 3191 nititur.
1104 3128 1276 3205 Dicerem,
1307 3129 1375 3192 nisi

425 3223 579 3288 adulatio
609 3225 796 3303 videretur,
827 3245 897 3290 non
927 3226 1095 3309 imparem
1123 3225 1230 3290 fuisse
1260 3221 1374 3289 ¹illum

425 3322 448 3386 J
451 3322 522 3386 ulio
539 3323 671 3388 Caesari
686 3324 860 3390 duntaxat
876 3325 1002 3402 animo,
1019 3344 1121 3408 quem
1135 3324 1238 3388 Titus
1254 3326 1376 3389 Livius

425 3431 671 3487 commemorat
696 3424 848 3506 quinque
879 3424 991 3488 solum
1020 3424 1180 3489 cobortes
1212 3425 1375 3488 habuisse

424 3523 562 3604 quando
578 3523 678 3586 civile
692 3523 819 3586 bellum
832 3522 1009 3587 inchoavit
1022 3543 1031 3601 3
1055 3542 1134 3586 cum
1149 3522 1287 3605 quibus,
1305 3511 1375 3587 ²in-

424 3621 558 3702 quiens,
580 3623 697 3685 orbem
721 3628 889 3685 terrarum
905 3622 1059 3686 adortus
1086 3629 1151 3686 est.
1203 3620 1375 3700 Quamvis

423 3720 544 3801 iniqua
569 3722 826 3802 comparatione
850 3720 968 3784 Julius
995 3728 1031 3783 et
1057 3721 1232 3785 Robertus
1259 3722 1376 3786 conle-

425 3826 564 3882 rantur:
588 3819 705 3883 Julius
725 3821 827 3897 enim,
846 3839 937 3883 verae
962 3819 1042 3883 fidei
1064 3819 1229 3898 extorris,
1249 3821 1286 3884 in
1302 3822 1375 3884 sor·

425 3923 510 3980 tuna
532 3937 596 3981 sua
617 3916 675 4004 (ut
697 3916 850 4003 dicebat)
875 3927 911 3983 et
935 3919 1110 4001 legionum
1127 3919 1256 3983 virtute
1278 3933 1376 4002 spem

459 4204 466 4234 ¹
480 4206 574 4269 arua]
592 4207 640 4268 sa
657 4207 760 4269 omaau
771 4207 797 4254 in
811 4207 839 4256 s,
849 4206 884 4256 o.
945 4203 1101 4269 tisanana]
1113 4187 1174 4253 riis
1184 4203 1255 4253 wore
1267 4218 1377 4266 appears

423 4276 477 4326 La.
911 4276 1061 4325 redundant.
