3142 5025
393 520 460 585 444
616 531 731 580 cnara
754 530 882 579 aucun
906 530 1120 580 Aucuonuu:
1186 510 1273 598 [nra.
1291 533 1346 581 111.

395 689 560 753 ecclesias
585 687 788 765 introducti,
806 686 1000 768 degradati,
1016 687 1210 770 potioribus
1235 687 1351 751 locum

396 788 532 853 dedere.
585 788 685 851 Unus
716 794 792 851 erat
814 806 917 868 quem
948 787 1102 869 suspicio
1129 788 1232 850 istius
1265 806 1350 870 apo-

397 888 517 952 stasiae
548 886 785 963 insimulabat,
818 884 879 949 sed
918 885 1024 949 nullis
1056 886 1205 949 testibus
1238 886 1351 967 argui,

398 986 504 1051 nullis
527 986 741 1067 argumentis
765 985 939 1049 confutari
960 992 1118 1067 poterat:
1143 1004 1245 1069 quem
1271 1003 1350 1049 cum

399 1093 542 1169 putares
555 1084 780 1149 constrictum
797 1084 962 1161 maxime,
976 1104 1071 1148 more
1086 1085 1212 1165 anguis
1226 1083 1351 1148 lubrici

400 1186 557 1268 elapsum
579 1183 775 1261 mirareris3
803 1184 855 1246 ita
878 1183 1015 1246 dicendi
1040 1190 1116 1247 arte
1139 1184 1289 1249 callebat
1310 1178 1351 1252 ut

399 1303 519 1348 omnes
541 1282 704 1346 eluderet.
756 1282 856 1345 Tunc
883 1281 1168 1347 archidiaconus:
1201 1282 1351 1348 ‘Cesset

399 1383 576 1446 bominum
593 1382 779 1463 eloquium,
801 1381 1014 1462 producatur
1036 1382 1073 1444 iu
1097 1381 1247 1445 medium
1263 1383 1352 1447 divi·

401 1501 484 1545 num
501 1481 702 1545 oraculum:
726 1480 853 1542 scimus
865 1480 1021 1562 profecto
1035 1480 1128 1563 quod
1143 1482 1350 1564 episcopalis

400 1580 517 1661 gratia
547 1579 668 1643 Sancti
693 1578 846 1661 Spiritus
871 1597 996 1642 munus
1023 1586 1099 1658 est3
1131 1587 1167 1643 et
1194 1580 1351 1663 quisquis

401 1678 639 1761 episcopatum
667 1685 851 1754 mercatur,
884 1676 1034 1760 Spiritus
1065 1678 1185 1743 Sancti
1222 1681 1351 1743 donum

402 1796 505 1860 posse
518 1777 712 1859 comparari
724 1776 873 1858 pecunia
885 1777 1058 1859 opinatur.
1111 1776 1237 1842 Coram
1251 1780 1352 1842 nobis

403 1877 499 1957 ergo,
512 1878 573 1958 qui
591 1874 723 1959 judicio
748 1875 869 1939 Sancti
895 1875 1044 1957 Spiritus
1066 1878 1269 1959 congregati
1291 1896 1350 1941 su-

402 1994 492 2053 mne,
506 1976 601 2039 dicat
614 1975 693 2052 iste,
707 1974 856 2039 “Gloria
872 1974 982 2051 Patri,
993 1983 1028 2039 et
1039 1974 1141 2053 Filio,
1155 1983 1192 2040 'et
1206 1971 1350 2060 Spiritui

403 2073 533 2139 Sancto
544 2075 577 2154 ;''
595 2074 688 2156 quod
703 2075 734 2137 si
747 2092 911 2157 expresse
925 2079 961 2138 et
975 2076 1048 2138 sine
1065 2069 1255 2140 titubantia
1270 2076 1350 2140 dix·

402 2174 481 2251 erit,
504 2174 679 2238 constabit
701 2175 794 2257 apud
816 2192 959 2237 menon
975 2174 1072 2237 illum
1086 2175 1267 2254 venaliter,
1290 2178 1351 2240 sed

402 2271 568 2353 legitime,
581 2272 773 2356 praesulatu
790 2273 969 2337 functum.'
1021 2273 1147 2337 Libens
1165 2274 1253 2339 hanc
1271 2295 1352 2340 con-

402 2370 568 2435 ditionem
593 2372 652 2435 ille
674 2372 821 2455 accepit,
843 2372 929 2435 nihil
958 2373 1074 2436 minus
1101 2392 1205 2455 quam
1228 2374 1351 2438 horum

401 2472 585 2536 verborum
608 2470 845 2536 difficultatem
873 2477 992 2553 ratus3
1026 2480 1062 2537 et
1093 2479 1185 2537 certe
1208 2473 1351 2538 ‘Gloria

406 2569 518 2648 Patri,
533 2579 570 2635 et
585 2570 699 2650 Filio,’
716 2572 851 2652 integre
874 2571 1032 2654 protulit,
1056 2573 1116 2636 sed
1142 2573 1178 2635 in
1195 2573 1351 2656 ‘Spiritu

404 2667 544 2733 Sancto’
576 2669 690 2733 haesit.
741 2669 917 2734 Suscitatc
954 2679 1156 2735 cunctorum
1192 2673 1352 2756 strepitu,

404 2767 500 2833 nullo
522 2776 662 2845 conatu,
679 2769 736 2832 vel
751 2776 834 2837 tunc
849 2769 904 2833 vel
918 2769 954 2832 in
968 2772 1052 2834 vitae
1074 2770 1207 2853 reliquo
1225 2773 1352 2855 spatio,

403 2865 571 2949 Spiritum
587 2869 752 2932 Sanctum
772 2867 949 2933 nominare
970 2864 1096 2951 potuit'.
1149 2868 1268 2954 Hujus
1289 2873 1351 2934 mi-

401 2966 513 3030 raculi
527 2969 627 3030 testis
644 2965 711 3030 luit
727 2967 835 3031 abbas
857 2987 951 3050 saepe
976 2969 1184 3045 nominatus,
1203 2971 1273 3051 qui,
1291 2971 1351 3034 de·

397 3064 531 3146 jectum
555 3066 756 3148 episcopum
778 3085 841 3149 per
860 3066 938 3130 loca
959 3087 1075 3132 secum
1097 3068 1238 3146 ducens,
1256 3069 1350 3138 illius

393 3165 452 3226 -rei
466 3165 741 3246 experimentum
763 3184 857 3247 saepe
874 3166 969 3246 risit3
994 3165 1036 3231 de
1052 3167 1151 3250 cujus
1167 3169 1350 3232 verborum

401 3263 607 3326 certitudine
636 3265 853 3327 dubitantem
880 3267 990 3329 omnis
1013 3265 1154 3348 Europa
1180 3267 1350 3346 confutat,

401 3381 481 3443 quae
504 3363 682 3444 religionis
710 3363 947 3428 cluniacensis
978 3384 1157 3428 numerum
1182 3385 1245 3448 per
1271 3386 1350 3430 eum

401 3470 663 3541 augmentatum
678 3482 748 3526 non
765 3463 887 3526 nescit.

453 3559 561 3642 §266.
577 3560 780 3624 Alexandro
796 3579 878 3643 ergo
893 3560 1067 3640 defuncto,
1085 3563 1251 3632 successit
1269 3562 1351 3626 Hil-

401 3657 597 3723 debrandus
626 3654 654 3746 (¹
664 3659 857 3741 Gregorius
890 3648 1057 3743 septimus
1085 3657 1227 3747 dictus).
1280 3662 1352 3728 Hic

401 3759 492 3840 quod
520 3759 580 3822 alii
596 3753 886 3824 ²mussitaverant
909 3760 1025 3842 palam
1052 3761 1191 3839 extulit,
1210 3777 1350 3826 excom-

400 3859 580 3922 municans
599 3859 728 3924 electos
746 3860 806 3942 qui
827 3860 1051 3925 investituras
1070 3861 1293 3924 eeclesiarum
1308 3862 1351 3925 de

400 3975 506 4020 manu
527 3957 609 4022 laici
630 3979 693 4042 per
709 3959 874 4021 annulum
899 3966 935 4023 et
950 3960 1112 4022 baculum
1134 3961 1350 4042 acciperent;

399 4157 444 4277 H¹
463 4159 601 4220 GNWW
622 4161 739 4224 wilm
759 4162 862 4244 dstmz]
923 4187 1160 4256 ²Illa-ssitucerunt]
1178 4192 1211 4243 A.
1226 4195 1257 4245 G.
1268 4193 1303 4244 D.
1316 4195 1349 4246 Ε.

428 4243 443 4277 e
454 4243 509 4276 was
520 4228 618 4278 elected
629 4245 694 4291 pope
709 4232 776 4280 aand
787 4231 863 4293 April
888 4260 936 4321 Μ
951 4261 1142 4325 inusitmmnt,
1153 4263 1182 4312 S·

400 4303 476 4361 lota,
485 4298 536 4347 ond
547 4299 606 4347 died
618 4299 678 4347 25111
689 4301 754 4362 May
766 4305 839 4352 1085.
