3142 5025
230 507 389 588 nmnn]
451 525 565 573 cnsrn
589 525 715 574 nncuu
739 526 955 574 nucnonuu.
1113 508 1181 573 393

227 680 307 756 tria,
321 681 496 744 intestinis
512 682 783 745 dissensionibus
810 682 1023 757 exulcerata,
1040 699 1103 761 pro
1126 680 1177 744 la·

227 786 363 842 tronum
386 780 486 845 libito
502 781 731 857 dividebatur,
752 789 792 844 ut
816 782 939 845 merito
961 787 1079 863 posset
1093 799 1177 861 que-

227 878 408 942 rimoniam
421 880 547 957 facere,
565 875 665 946 ‘¹Vae
680 889 782 944 terrae
799 880 899 964 cujus
916 900 977 943 rex
990 899 1075 962 puer
1092 888 1146 943 est
1157 880 1177 943 l·

226 975 277 1040 At
301 978 372 1055 ille,
397 981 457 1043 ubi
482 981 631 1062 primum
653 999 715 1063 per
736 987 875 1044 aetatem
899 981 1025 1063 potuit,
1045 978 1176 1043 militiae

225 1076 377 1159 insignia
411 1099 433 1142 a
461 1099 544 1161 rege
574 1080 788 1144 Francorum
818 1081 1001 1163 accipiens
1032 1080 1174 1161 provin·

225 1176 331 1241 ciales
345 1178 382 1241 in
397 1198 494 1260 spem
507 1179 634 1260 qnietis
648 1180 770 1243 erexit.
811 1179 915 1243 Sator
928 1178 1176 1243 discordiarum

225 1282 301 1338 erat
321 1270 454 1341 ²Guido
480 1279 632 1360 quidam,
655 1278 868 1360 Burgundus
890 1298 912 1341 a
935 1285 1045 1361 patre,
1068 1298 1175 1359 nepos

227 1373 371 1439 Ricardi
385 1377 526 1441 secundi
544 1398 562 1441 e
579 1378 671 1458 filia3
697 1378 879 1442 infantiam
905 1398 983 1442 cum
998 1376 1175 1442 Willelmo

224 1484 436 1554 cucurrerat,
451 1484 534 1541 tunc
549 1497 688 1560 quoque
702 1477 832 1561 januas
855 1476 1097 1541 adolescentiae
1115 1496 1175 1559 pa-

224 1575 309 1637 riter
324 1577 504 1657 urgebant.
557 1577 748 1641 Convictus
769 1577 1052 1653 familiaritatem,
1075 1575 1173 1640 fami-

224 1673 358 1739 liaritas
392 1670 580 1740 ³amicitias
612 1683 810 1759 paraverat.
873 1677 955 1741 Huc
987 1676 1173 1740 accedebat

224 1774 317 1855 quod
331 1776 363 1837 ei
379 1776 559 1839 Brionium
575 1784 611 1839 et
624 1776 837 1842 Vernonium
860 1777 1004 1840 castella
1019 1775 1173 1853 dederat,

223 1872 309 1936 nihil
349 1895 413 1957 pro
440 1869 760 1958 4consanguinitate
800 1876 996 1958 negandum
1033 1882 1172 1958 putans.

224 1971 361 2037 Horum
384 1975 596 2056 Burgundus
617 1977 807 2052 immemor,
829 1974 952 2040 affictis
974 1974 1174 2038 criminibus

224 2072 348 2154 quibus
370 2075 405 2137 id
423 2074 545 2139 merito
567 2075 681 2139 lacere
696 2074 883 2153 videretur,
904 2075 1116 2138 abalienavit
1136 2094 1174 2137 se

224 2191 246 2235 a
271 2174 408 2238 comite.
459 2174 619 2256 Longum
646 2182 701 2239 est
727 2183 763 2239 et
790 2195 859 2238 non
889 2174 1119 2239 necessarium
1144 2174 1175 2237 si

223 2292 414 2356 persequar
450 2294 529 2356 quae
557 2275 639 2339 hinc
674 2275 755 2338 inde
792 2281 883 2351 acta,
914 2293 993 2356 qnae
1030 2273 1175 2336 castella

222 2381 345 2455 capta:
373 2382 549 2456 repererat
575 2376 666 2439 enim
691 2373 837 2458 perfidia
861 2374 972 2437 socios
995 2371 1173 2452 Nigellum

193 2545 196 2550 ,
222 2471 457 2540 vicecomitem
488 2473 722 2551 Constantini,
750 2473 966 2538 Rannnlsum
991 2470 1173 2536 vicecomi-

223 2579 293 2636 tem
313 2569 571 2653 ⁵Baiocensem‚
593 2570 822 2639 ⁶Haimonem
852 2574 1043 2650 dentatum,
1069 2591 1172 2636 avum

224 2672 368 2738 Roberti
388 2675 447 2757 qui
465 2682 585 2740 nostro
607 2683 761 2759 tempore
776 2675 812 2737 in
830 2672 962 2756 Anglia
986 2672 1171 2737 multarum

221 2775 478 2854 possessionum
507 2776 690 2839 incubator
719 2775 850 2837 extitit.
911 2774 999 2838 Cum
1026 2773 1079 2835 his
1109 2791 1173 2854 per

221 2879 331 2936 totam
364 2874 614 2939 Normanniam
646 2875 872 2956 grassabatur
901 2871 1019 2956 praedo
1044 2873 1171 2954 impro-

221 2972 395 3050 bissimus,
408 2975 504 3038 inani
521 2994 583 3057 spa
605 2975 649 3038 ad
672 2975 873 3039 comitatum
896 2973 1043 3036 illectus.
1097 2970 1170 3036 Ne·

221 3073 365 3136 cessitas
388 3094 503 3155 regem
518 3060 668 3139 tutorem
684 3075 816 3138 excivit
829 3080 869 3136 ut
882 3072 1074 3155 desperatis
1088 3091 1168 3152 par-

220 3172 313 3235 tibus
329 3174 452 3256 pupilli
469 3181 695 3238 succurreret.
748 3173 874 3254 Itaque
889 3181 1043 3256 paternae
1066 3172 1167 3234 bene-

220 3272 382 3336 volentiae
414 3273 627 3350 recordatus,
656 3273 749 3356 qnod
781 3292 860 3335 eum
892 3272 1010 3336 favore
1042 3290 1106 3334 suo
1133 3271 1170 3332 in

222 3391 367 3452 regnum
391 3373 651 3450 sublimaverat,
671 3371 764 3454 apud
788 3363 1038 3435 ⁷Walesdunas
1061 3371 1097 3432 in
1111 3368 1170 3432 de·
1187 3384 1241 3424 un·
1254 3385 1308 3424 ¹⁰⁴⁷·

256 3619 266 3650 ¹
294 3621 338 3671 Voe
360 3625 433 3669 lerroe
462 3621 532 3682 ouius
552 3637 598 3670 rex
623 3638 685 3687 puer
711 3623 744 3671 E.
756 3621 805 3681 L.;
822 3621 1002 3682 sanguinitate,
1014 3620 1044 3669 S.

220 3686 293 3758 orl]
313 3691 483 3740 Ecdesiastes
493 3707 520 3739 x.
532 3695 573 3740 lo.
744 3689 755 3721 ⁶
766 3691 943 3753 Buiocemem]
955 3689 988 3738 A.
999 3690 1070 3740 G.D.
1084 3690 1115 3739 Ε.
1123 3689 1154 3740 L.
1164 3706 1172 3751 ς

257 3758 268 3790 ²
286 3761 369 3810 Guido
383 3762 490 3823 quidum,
501 3762 655 3823 Burgundus
669 3777 685 3808 o
709 3761 939 3824 Tembaiocensem,
950 3759 978 3809 S.

219 3824 312 3894 petra]
332 3831 394 3892 Gny
406 3846 462 3880 was
472 3831 515 3879 the
532 3845 577 3879 son
592 3831 621 3879 ol
636 3831 684 3879 Re·
745 3828 925 3879 ‘Haimonem
946 3827 1096 3890 dentatum]
1129 3827 1171 3877 He

223 3901 292 3949 nand
313 3901 338 3962 1,
360 3901 413 3949 carl
434 3901 463 3949 of
482 3902 633 3963 Burgundy,
650 3902 684 3962 by
710 3915 765 3948 was
786 3901 842 3948 lord
865 3899 894 3948 of
920 3899 1023 3958 Torigni
1050 3898 1076 3945 in
1105 3897 1172 3946 Nor·

221 3969 261 4018 his
282 3970 344 4019 wife
363 3971 426 4018 Alix
445 3970 541 4035 (called
563 3972 617 4019 also
635 3973 685 4021 Ju·
709 3971 812 4032 mandy,
823 3970 874 4018 and
888 3968 1010 4030 probably
1021 3971 1135 4016 ancestor
1145 3968 1174 4016 of

221 4038 299 4103 dim),
315 4039 442 4101 daughter
463 4041 492 4088 of
511 4041 623 4089 Richurd
646 4041 685 4102 II,
709 4040 752 4088 the
763 4041 852 4100 family
863 4038 892 4087 ol'
899 4039 1041 4099 Duredent,
1049 4053 1077 4085 or
1087 4039 1171 4087 Duor-

221 4110 290 4158 duke
301 4110 330 4158 ol
338 4109 497 4170 Normandy.
709 4110 769 4170 den,
779 4109 870 4158 settled
882 4110 908 4156 in
920 4108 1046 4170 England.

256 4175 434 4247 maulam]
451 4179 485 4230 A.
498 4181 528 4229 C.
540 4181 576 4231 D.
589 4182 620 4232 E.
636 4181 684 4241 L.;
752 4176 960 4241 ⁷Wuleedunos.]
989 4179 1093 4227 ‘Meus
1113 4179 1173 4242 iste,

221 4250 367 4310 amicitiam,
378 4250 408 4298 S.
709 4250 754 4309 qui
773 4264 840 4298 nunc
856 4250 957 4311 ignotus
976 4249 1085 4310 videtur,
1100 4248 1169 4296 diffe-

256 4318 524 4384 memphitae]
541 4321 575 4371 A.
597 4320 627 4369 C.
647 4318 682 4368 D.
709 4320 782 4368 rabat
798 4319 991 4382 evulo-Doni,
1001 4319 1057 4367 loco
1075 4320 1101 4366 in
1121 4317 1171 4367 Oa-
