3142 5025
223 3569 325 3611 'l'roubles
335 3568 359 3608 in

223 3620 354 3668 Normsndy.

390 497 456 564 622
606 515 719 564 orara
744 514 874 562 aucun
898 512 1113 564 rnocoruu.
1207 497 1294 583 [urs.
1313 517 1347 566 v.

391 678 427 736 et
444 669 699 751 Arundellum3
725 677 981 753 comportatum
1001 688 1043 733 eo
1065 668 1275 735 frumentum
1297 692 1342 736 ex

390 772 486 836 omni
509 770 651 852 regione
672 769 931 846 Scrobesbiriae,
949 777 985 833 et
1001 769 1165 853 quicquid
1182 790 1342 836 necessa-

390 872 481 935 rium
507 870 637 935 bellum
659 869 830 950 efflagitat
851 863 1091 934 ¹diuturnum:
1132 889 1196 934 nec
1223 872 1338 938 minus

391 969 573 1033 castellum
606 967 902 1033 scrobesbiriense
934 967 1113 1032 rebellioni
1153 972 1339 1050 consensit,

389 1068 627 1134 wallensibus
639 1088 705 1151 pro
717 1074 816 1134 motu
829 1067 979 1133 fortunae
996 1067 1039 1131 ad
1054 1067 1183 1133 malum
1208 1071 1336 1151 pronis.

391 1168 473 1234 Rex
509 1167 629 1251 itaque
656 1168 773 1232 anim0
802 1161 955 1249 'ingens
987 1169 1171 1250 omniaque
1192 1167 1339 1236 adversa

389 1268 519 1333 virtute
540 1286 710 1350 premens,
736 1267 862 1330 militia
890 1273 1012 1331 coacta
1038 1266 1165 1349 Brigas
1189 1269 1336 1347 obsedit,

389 1367 482 1433 unde
501 1367 577 1450 jam
607 1367 645 1432 iu
673 1364 904 1431 Arundellum
936 1366 1122 1431 transierat
1149 1367 1338 1447 Robertus,

390 1467 632 1532 alimentorum
643 1466 744 1548 copia
758 1472 794 1530 et
811 1465 959 1529 militum
975 1465 1105 1530 ferocia
1121 1467 1208 1531 satis
1227 1469 1337 1531 abun·

390 1565 502 1649 deque
523 1566 694 1629 munitum
717 1565 833 1628 locum
859 1583 1094 1648 praesumens3
1118 1566 1179 1629 sed
1206 1563 1337 1649 paucos

388 1672 470 1748 post
495 1664 569 1728 dies
592 1663 769 1746 oppidani,
786 1671 823 1728 et
845 1663 1027 1728 formidine
1054 1664 1275 1730 conscientiae
1299 1674 1335 1731 et

388 1763 591 1829 fortitudine
606 1762 855 1845 militiaeregiae
869 1763 963 1840 flexi,
979 1782 1017 1827 se
1033 1763 1203 1828 dedidere.
1256 1764 1338 1845 Quo

388 1863 520 1939 audito,
545 1864 590 1927 ab
614 1863 753 1944 incepto
775 1868 910 1926 tumore
934 1860 1164 1927 Arundellum
1188 1863 1335 1943 destitit,

388 1962 498 2044 regali
518 1981 556 2026 se
577 1961 741 2026 addicens
759 1961 953 2041 clientelae3
975 1963 1117 2044 egregia
1143 1982 1227 2028 sane
1253 1983 1336 2030 con-

388 2061 531 2138 ditione,
545 2067 584 2125 ut
599 2060 758 2125 dominus
777 2079 861 2125 suus
880 2062 1017 2143 integra
1032 2063 1261 2126 membrorum
1279 2083 1337 2127 sa-

387 2161 460 2226 lute
490 2160 742 2226 Normanniam
767 2161 1026 2243 permitteretur
1057 2162 1162 2226 abire.
1225 2162 1337 2228 Porro

388 2260 702 2326 Scrobesbirienses
716 2279 778 2342 per
797 2260 989 2325 Radulfum
1005 2268 1080 2324 turn
1095 2261 1256 2328 abbatem
1270 2261 1335 2326 Sa·

387 2361 448 2443 gii,
473 2367 596 2443 postea
619 2358 820 2425 Cantuariae
843 2359 1151 2443 archiepiscopum,
1174 2362 1249 2443 regi
1272 2363 1337 2426 mi-

387 2479 462 2526 sere
482 2459 617 2526 castelli
637 2459 765 2538 claves,
781 2459 967 2525 deditionis
986 2461 1169 2544 praesentis
1192 2461 1335 2540 indices,

386 2560 514 2627 futurae
535 2559 729 2625 devotionis
752 2559 901 2624 obsides.
953 2560 1012 2625 Ita
1035 2560 1260 2625 dissensionis
1281 2563 1335 2626 in·

387 2662 558 2736 cendium,
575 2659 667 2742 quod
688 2661 878 2742 putabatur
899 2658 973 2723 fore
994 2677 1171 2741 magnum,
1196 2662 1334 2743 paucis-

386 2760 484 2825 simis
497 2760 618 2824 diebus
630 2760 668 2823 in
684 2760 818 2824 cineres
831 2757 1012 2823 consenuit
1024 2779 1033 2838 3
1058 2767 1093 2822 et
1107 2758 1333 2839 desertorum,

387 2878 522 2941 semper
540 2859 641 2925 novis
657 2860 760 2923 rebus
776 2858 994 2935 inhiantium,
1016 2858 1218 2923 aviditatem
1236 2880 1333 2924 coer-

386 2960 471 3022 cuit.
523 2958 712 3033 Robertus,
733 2957 994 3023 cumfratribus
1013 2956 1249 3041 Ernulfo,qui
1269 2974 1334 3042 pa·'

387 3064 525 3121 ternum
555 3076 748 3137 cognomen
780 3057 925 3121 sortitus
956 3056 1082 3135 fuerat,
1115 3063 1150 3121 et
1181 3058 1336 3141 Rogerio

388 3155 587 3221 Pictavensi
602 3153 713 3242 (quod
736 3175 841 3220 exea
863 3156 1005 3238 regione
1020 3176 1164 3220 uxorem
1190 3176 1335 3241 accepe-

386 3264 442 3321 rat
466 3257 517 3320 sic
542 3252 665 3340 dicto),
683 3254 847 3339 Angliam
865 3263 1033 3339 perpetuo
1053 3256 1248 3340 abjuravit3
1272 3259 1334 3323 sed

386 3357 543 3438 vigorem
555 3356 763 3421 sacramenti
778 3356 988 3439 temperavit
1002 3355 1163 3439 adjectio,
1178 3358 1245 3421 nisi
1259 3360 1334 3441 regi

386 3456 516 3538 placito
529 3455 735 3539 quandoque
746 3454 974 3521 satisfecisset
988 3455 1165 3537 obsequio.

438 3554 541 3639 5397.
555 3555 656 3618 Tunc
668 3554 730 3617 fax
744 3553 911 3619 bellorum
929 3554 1083 3618 immissa
1095 3554 1332 3635 Normanniee,

385 3655 593 3737 perfidorum
609 3654 835 3731 admixtione,
852 3654 952 3736 quasi
966 3653 1144 3735 rogalibus
1160 3655 1332 3720 alimentis

385 3755 551 3832 animata,
577 3754 767 3830 convaluit,
790 3754 1058 3836 circumquaque
1083 3754 1199 3836 posita
1225 3756 1333 3818 corri-

222 3867 306 3917 anum
306 3867 357 3907 dm
318 3854 490 3967 dqndpieus.
543 3854 609 3918 Est
633 3854 724 3917 enim
748 3852 965 3917 Normannia
989 3860 1187 3966 opportuna
1211 3862 1247 3918 et
1271 3873 1331 3937 pa·

220 3918 350 4009 fultra-tw
383 3954 473 4018 tiens
503 3954 673 4018 malorum
705 3952 891 4029 nutricula,
928 3952 1088 4035 quamvis
1119 3973 1189 4017 non
1222 3954 1334 4018 multo

416 4224 614 4296 wintanum]
626 4227 660 4281 A.
671 4231 700 4281 C.
712 4230 748 4278 l).
757 4228 790 4278 E.
798 4228 843 4287 L.;
903 4222 1045 4289 'Iung
1070 4226 1104 4276 A.
1126 4228 1156 4276 C.
1175 4227 1211 4277 D.
1231 4228 1263 4278 E.
1283 4228 1331 4289 L.;

379 4299 521 4360 devectum,
532 4298 561 4347 S.
869 4296 962 4359 rigens,
973 4296 1002 4345 S.
