3142 5025
406 518 473 585 678
637 535 751 583 cusrs
775 534 904 583 anouu
928 532 1142 581 sucmuuu.
1226 518 1311 598 [um.
1329 532 1361 579 v.

409 697 475 761 sibi
498 695 760 774 consuetudine,
776 704 811 761 et
825 697 863 761 in
878 695 1029 760 transitu
1044 694 1155 759 sancti
1170 693 1362 770 Benedicti,

410 804 446 861 et
463 796 499 859 in
525 794 715 860 testivitate
742 804 874 861 sanotae
892 796 1017 860 Mariae
1031 813 1111 877 quae
1125 793 1362 859 Aurunciatio

413 896 598 963 Dominioa
613 895 750 974 dicitur,
769 895 935 980 majorem
957 895 1098 959 missam
1123 895 1161 958 in
1186 901 1360 958 conventu

413 995 615 1072 celebraret,
627 989 678 1059 ¹et
693 1004 820 1061 octavo
837 1016 859 1059 a
872 995 1040 1079 praedicto
1053 995 1166 1058 sancti
1181 993 1362 1058 Benedicti

413 1096 564 1160 transitu
585 1095 640 1159 die
662 1102 863 1177 praeventus
883 1095 1096 1172 infirmitate,
1110 1100 1237 1158 octavo
1259 1091 1361 1156 nihil-

412 1197 548 1259 ominus
564 1194 621 1258 die
636 1196 680 1258 ab
694 1193 976 1261 Annunciatione
993 1195 1178 1259 Dominica
1196 1194 1362 1274 migraret

414 1295 458 1359 ad
477 1293 665 1359 Christum.
704 1295 832 1378 Igitur,
843 1296 904 1378 qui
919 1295 1029 1359 vitam
1043 1293 1173 1359 domini
1188 1291 1362 1356 Lauzonis

413 1395 565 1477 ignorat,
590 1413 694 1477 quam
718 1395 859 1478 placens
882 1394 960 1458 Deo
982 1393 1087 1458 suerit
1108 1414 1154 1457 ex
1173 1392 1243 1457 tine
1265 1392 1362 1456 colli·

414 1501 495 1576 gat3
520 1512 582 1557 nec
601 1494 732 1559 usitato
758 1495 977 1559 morientium
996 1514 1091 1559 more
1118 1493 1286 1577 praedicto
1310 1491 1362 1555 illi

412 1593 601 1675 contigisse
615 1594 795 1659 nobiscum
812 1594 943 1671 credat,
955 1614 1058 1677 quem
1075 1594 1225 1677 Spiritus
1243 1592 1363 1656 Sancti

412 1693 679 1758 charismatibus
695 1696 831 1760 nemine
848 1694 950 1778 hujus
969 1695 1133 1777 temporis
1150 1691 1293 1757 iuferius
1309 1690 1362 1755 di·

413 1800 525 1857 tatum
539 1791 662 1857 sciat.”

549 1981 596 2028 DE
619 1980 827 2029 consulum
851 1981 987 2029 PRIORE
1010 1980 1219 2030 wlN‘rOMAE.

247 2096 400 2190 gogfrlgpgqr
464 2088 573 2172 §444
597 2088 673 2153 Nec
698 2090 864 2154 memoria
889 2082 1088 2154 ²(lodosridi
1114 2090 1239 2172 prioris
1260 2088 1361 2153 Win-

248 2202 287 2237 ter·
414 2189 580 2253 toniensis
605 2188 657 2253 ire
680 2189 781 2253 debet
803 2190 841 2252 in
862 2190 1047 2272 perditum,
1069 2190 1129 2271 qui
1151 2190 1362 2272 temporibus

411 2288 466 2352 bis
481 2288 663 2354 literatura
687 2296 722 2353 et
741 2288 908 2371 religione
932 2288 1079 2371 insignis
1095 2289 1173 2353 fuit.
1227 2288 1361 2353 Litora·

411 2396 525 2453 turam
541 2396 779 2472 protestantur
793 2388 872 2452 libri
888 2390 1018 2472 plures,
1031 2398 1068 2454 et
1082 2388 1240 2472 epistolae
1262 2389 1362 2453 fami-

410 2488 490 2553 liari
516 2489 577 2554 illo
605 2498 641 2555 ct
669 2489 763 2553 dulci
785 2487 879 2571 stylo
900 2489 1025 2570 editae3
1047 2490 1267 2572 meximeque
1288 2489 1361 2572 epi-

412 2597 618 2670 grammata,
631 2608 709 2672 quae
724 2589 877 2670 satyrico
891 2590 994 2654 modo
1009 2588 1173 2666 absolvit,
1190 2597 1361 2674 praeterea

410 2707 532 2753 versus
556 2690 600 2753 de
633 2689 820 2771 primatum
846 2685 986 2769 Angliae
1010 2689 1183 2754 laudibus.
1235 2687 1358 2768 Quid?

410 2808 512 2852 omne
527 2788 681 2853 divinum
697 2787 859 2864 officium,
875 2789 969 2870 quod
991 2790 1122 2870 agresti
1136 2788 1286 2871 quadam
1300 2807 1359 2853 ve-

409 2895 542 2952 tustate
566 2889 771 2964 obsoletum,
797 2907 860 2969 per
882 2887 1089 2952 industriam
1114 2908 1213 2953 suam
1239 2889 1360 2953 nativa

410 2987 588 3051 excultum
605 2993 790 3051 venustate
811 2986 894 3051 fecit
910 2989 1110 3052 enitescere.
1163 2987 1358 3070 Religionis

410 3092 446 3150 et
462 3085 710 3168 hospitalitatis
728 3106 884 3150 normam
900 3086 1042 3170 pulchre
1057 3087 1255 3152 inchoatam
1273 3088 1359 3151 deli-

410 3186 521 3250 niavit
539 3186 575 3249 in
601 3186 801 3264 monachos,
817 3188 876 3269 qui
893 3186 1061 3270 hodieque
1081 3187 1132 3252 ita
1151 3188 1188 3250 iu
1203 3187 1360 3270 utrisque

410 3284 535 3367 prioris
553 3293 669 3351 terunt
685 3288 883 3369 vestigium,
900 3295 939 3352 ut
964 3294 1026 3351 aut
1050 3286 1136 3350 nihil
1160 3294 1221 3351 aut
1236 3307 1360 3369 parum

409 3386 453 3449 iis
467 3385 557 3450 desit
574 3386 618 3449 ad
633 3386 746 3450 laudis
766 3387 953 3451 cumulum.
1005 3387 1165 3468 Denique
1187 3394 1242 3450 est
1262 3387 1299 3450 in
1319 3407 1362 3452 ea

411 3485 513 3549 domo
528 3485 726 3569 hospitium,
742 3494 837 3551 terra
855 3487 1009 3569 marique
1023 3487 1236 3551 venientium
1249 3505 1362 3568 quan-

410 3591 484 3648 tum
518 3585 657 3651 libuerit
688 3586 929 3662 diversorium,
963 3593 1105 3668 sumptu
1140 3585 1362 3664 indeficienti,
1464 3629 1467 3634 -

410 3684 579 3749 charitate
597 3685 837 3767 indefatigata.
889 3686 987 3750 Inter
1010 3685 1084 3749 haec
1106 3685 1219 3750 inerat
1236 3693 1358 3750 sancto

409 3783 484 3848 viro
499 3803 632 3849 morum
652 3785 843 3862 humilitas,
861 3793 902 3850 ut
920 3785 1006 3850 nihil
1019 3805 1065 3849 ex
1080 3784 1141 3849 illo
1156 3786 1260 3849 unico
1281 3785 1358 3868 phi·

409 3883 575 3966 losophiae
591 3886 830 3969 promptuario
847 3886 1018 3950 redoleret
1034 3885 1102 3949 nisi
1120 3885 1260 3962 humile,
1277 3905 1358 3968 pro·

444 4106 873 4173 'Etoctooccproedictosoncti
933 4146 979 4198 ,G
1052 4149 1085 4161 ..
1137 4149 1181 4162 ..
1246 4151 1252 4163 .
1315 4151 1321 4164 .

410 4177 536 4228 Benedicti
557 4180 665 4229 transitu
680 4181 720 4231 die
736 4185 874 4244 precentur
914 4219 920 4232 .
981 4150 1085 4210 mm
1102 4164 1194 4214 m
1200 4150 1363 4235 mm&

406 4247 571 4313 infirmata]
589 4250 623 4300 A.
637 4251 666 4301 s
678 4251 750 4312 u2.;
767 4252 871 4301 omitted
896 4220 953 4283 Μ]
971 4219 1086 4282 G⁰dff⁰l
1097 4235 1152 4270 was
1168 4235 1237 4282 ⁹⁰⁰¹
1253 4222 1363 4272 ⁰swm·

405 4317 432 4364 in
445 4319 475 4367 c·
486 4318 521 4366 D·
534 4320 566 4367 E·
896 4290 995 4340 chester
1005 4291 1068 4339 from
1081 4294 1145 4340 loss
1155 4295 1181 4339 to
1193 4295 1266 4342 11⁰⁷.
