3142 5025
432 532 498 595 574
646 545 758 594 ensra
785 543 914 592 neuun
938 543 1154 592 suenonuu.
1232 531 1321 612 [mn.
1337 549 1386 596 ιν.

271 725 394 774 camur
433 705 706 779 subterraneum,
716 701 809 784 quod
821 701 910 765 forte
922 720 959 764 se
969 693 1191 766 ¹discursanti
1200 703 1387 783 obtulerat,

272 775 377 816 Bouillon.

434 805 611 884 ingressus
628 809 703 865 est:
726 802 787 879 ibi,
805 821 882 864 cum
899 800 1005 864 nimio
1020 801 1092 865 vini
1108 801 1236 866 haustu
1258 804 1385 868 intem·

435 902 628 985 potantium
642 902 719 965 sitis
733 902 919 985 placasset,
935 899 1056 964 febrim
1070 907 1278 982 quartanam
1295 903 1384 968 iniit.

435 1002 569 1066 Dicunt
582 1001 642 1064 alii
654 1008 824 1065 venenato
842 1000 991 1064 Falerno
1008 1000 1194 1081 infectum;
1219 1003 1311 1085 quod
1328 1023 1383 1067 so-

435 1102 529 1165 leant
545 1100 709 1178 Romani,
736 1108 773 1165 et
795 1101 889 1163 illius
914 1106 1016 1163 terrae
1038 1099 1206 1178 homines,
1224 1103 1309 1166 totis
1330 1104 1385 1166 in-

434 1200 577 1264 fundere
592 1201 710 1265 toxiea
724 1200 851 1264 tonnis.
896 1197 981 1276 Alii,
997 1198 1029 1262 ei
1042 1208 1176 1282 partem
1190 1201 1286 1265 illam
1297 1221 1383 1266 moe-

433 1301 528 1364 nium
552 1307 645 1364 sorte
669 1299 836 1381 obtigisse
862 1297 922 1362 ubi
947 1297 1083 1362 Tiberis
1105 1299 1254 1364 influens
1280 1321 1382 1366 mane

432 1418 545 1464 saevas
570 1400 713 1464 exhalat
735 1398 892 1475 nebulas,
915 1415 1060 1480 quarum
1086 1399 1237 1480 pernicie
1262 1420 1381 1465 omnes

432 1500 560 1564 milites
573 1499 650 1582 ejus
665 1507 793 1581 praeter
805 1499 922 1564 decem
938 1497 1113 1577 interiise3
1136 1498 1262 1580 ipsum,
1277 1501 1381 1564 amis-

432 1598 481 1662 sis
497 1599 649 1662 crinibus
663 1605 699 1662 et
714 1599 902 1679 unguibus,
919 1597 1022 1660 dubie
1037 1598 1266 1663 convaluisse.
1307 1599 1380 1664 Vo-

432 1705 626 1775 runtamen,
647 1697 828 1779 quodlibet
855 1698 977 1761 borum
996 1696 1111 1774 fuerit,
1139 1705 1279 1762 constat
1303 1718 1381 1762 eum

433 1816 609 1879 uunquam
633 1795 806 1860 continuae
832 1796 892 1860 sed
915 1796 1019 1859 lentae
1035 1795 1140 1859 febris
1163 1796 1381 1862 incommodo

434 1915 597 1976 vacasse3
615 1897 736 1974 donec,
747 1895 868 1960 audita
880 1896 974 1960 fama
987 1895 1054 1960 viae
1069 1894 1381 1978 lerosolymitanae,

432 1996 515 2061 illuc
529 2016 568 2060 se
583 1997 712 2061 iturum
723 1995 822 2060 vovit
833 1996 864 2058 si
875 1995 972 2058 Deus
986 1994 1157 2076 propitius
1174 1996 1205 2058 ei
1216 1989 1381 2060 ²salutem

431 2096 635 2177 largiretur:
659 2114 729 2178 quo
745 2101 828 2159 voto
840 2094 977 2170 emisso,
990 2093 1042 2157 ita
1055 2093 1154 2157 ducis
1167 2095 1259 2159 vires
1278 2096 1380 2160 reflo-

432 2196 554 2273 ruisse,
570 2202 610 2259 ut
625 2196 774 2260 nodosos
793 2195 929 2276 integer
943 2199 1053 2269 artus,
1068 2200 1105 2256 et
1118 2193 1273 2276 spatioso
1284 2215 1378 2268 erec·

430 2302 488 2359 tus
501 2302 652 2377 pectore,
666 2295 766 2377 quasi
785 2293 1027 2376 squalentibus
1049 2294 1150 2356 annis
1164 2301 1303 2372 eruntne,
1326 2316 1380 2360 re-

430 2394 523 2458 centi
535 2394 698 2458 emicaret
707 2394 867 2477 juventa.
920 2392 1051 2470 Quare,
1065 2391 1193 2456 divinis
1206 2394 1380 2458 beneficiis

430 2494 466 2558 in
500 2515 538 2559 se
564 2494 822 2560 confluentibus
853 2509 1094 2575 responsurus
1129 2492 1378 2577 lerosolymam

430 2595 495 2659 ivit
505 2595 561 2659 vel
576 2595 706 2677 primus
723 2595 779 2658 vel
794 2612 871 2656 cum
886 2592 1018 2674 primiS,
1034 2610 1180 2673 magnas
1195 2592 1231 2656 in
1247 2595 1376 2658 bellum

427 2687 572 2757 'trahens
598 2700 778 2773 catervas3
802 2699 838 2756 et
859 2692 1018 2773 quamvis
1040 2691 1164 2755 durum
1190 2699 1226 2755 et
1247 2696 1380 2758 exerci-

430 2800 542 2857 tatum
555 2793 699 2858 militem
713 2794 867 2869 haberet,
883 2791 1000 2855 nullus
1016 2798 1133 2855 tamen
1155 2810 1196 2854 eo
1211 2793 1267 2856 vel
1283 2794 1378 2875 prior

429 2892 467 2956 in
482 2913 681 2975 congressu,
691 2894 748 2957 vel
764 2892 955 2975 promptior
971 2892 1008 2954 in
1022 2890 1157 2967 effectu,
1173 2890 1377 2958 habebatur.

430 2993 591 3074 Denique
604 3000 724 3056 notum
739 2999 804 3069 est,
819 2991 912 3073 quod
926 2990 1092 3067 Turnum,
1107 2990 1144 3052 in
1155 2988 1376 3055 Antiochena

430 3092 607 3156 obsidione
640 3110 792 3173 pugnam
823 3090 1034 3173 singularem
1066 3096 1277 3172 poscentem,
1306 3112 1378 3156 me·

430 3191 524 3254 dium
545 3210 568 3253 a
586 3191 752 3255 lateribus
773 3190 891 3272 gladio
919 3188 1133 3269 Lotharingo
1155 3188 1379 3271 dissecuerit3

430 3299 466 3354 et
485 3290 560 3373 jam
583 3290 778 3374 palpitabat
803 3290 896 3353 arvis
926 3289 1093 3352 medietas
1117 3288 1276 3369 hominis
1299 3311 1378 3354 cum

430 3391 575 3454 alteram
594 3392 752 3473 cornipes
773 3389 905 3454 volucri
930 3408 1033 3453 cursu
1061 3388 1266 3469 asportavit,
1290 3391 1378 3455 adeo

322 3525 325 3532 ·
429 3491 526 3553 firme
552 3491 678 3555 nebulo
700 3490 887 3554 insederat.
946 3486 1119 3564 Alterum,
1149 3480 1266 3570 ⁸aeque
1294 3509 1377 3554 con·

429 3609 597 3673 gressum,
612 3590 739 3654 librata
753 3590 790 3652 in
804 3594 910 3671 caput
925 3587 1051 3670 spatha
1067 3606 1088 3650 a
1104 3584 1232 3652 vertice
1255 3589 1299 3652 ad
1322 3590 1376 3652 in-

428 3691 536 3771 guina
549 3688 730 3769 diffiderit;
745 3682 827 3751 ⁴nec
844 3687 955 3751 adbuc
975 3687 1065 3751 ictus
1090 3686 1280 3751 horrendus
1305 3696 1377 3753 ste-

428 3790 521 3868 terit,
533 3790 593 3854 sed
607 3790 728 3853 sellam
744 3795 781 3851 et
791 3788 926 3870 spinam
942 3787 1022 3869 equi
1037 3786 1176 3868 penitus
1187 3787 1375 3852 disciderit.

428 3889 557 3954 Audivi
582 3908 740 3954 veracem
766 3887 940 3951 hominem
965 3885 1169 3949 referentem
1188 3886 1318 3951 vidisse
1339 3908 1378 3951 se

462 4118 471 4149 ¹
483 4110 663 4183 Discurrunt]
682 4116 711 4165 S.
727 4114 762 4164 D.
775 4115 824 4175 E.;
836 4113 889 4162 dis·
949 4110 960 4139 ³
970 4110 1071 4173 Eque]
1082 4109 1115 4159 A.
1123 4110 1153 4161 C.
1162 4109 1196 4161 D.
1206 4112 1237 4160 E.
1247 4112 1278 4162 b.
1286 4127 1294 4172 ς
1302 4127 1378 4175 equo,

426 4188 620 4319 cuitesluflirssiu
644 4256 672 4305 s.
693 4255 727 4305 n.
746 4254 797 4317 E.;
823 4254 888 4301 sani·
915 4182 1376 4317 ⁸'⁴'ue0arua...aacueru.]n

424 4332 511 4391 tatem,
522 4328 553 4376 b.
915 4322 943 4371 S.
954 4321 984 4370 C.
994 4320 1029 4371 D.
1039 4322 1063 4368 E
1071 4324 1095 4370 2.
1107 4321 1138 4369 L.
1149 4336 1157 4381 ;
1167 4321 1270 4369 omitted
1282 4322 1309 4369 in
1320 4323 1344 4371 E
1354 4326 1378 4371 l.
