3142 5025
247 723 343 762 Brldwln

409 531 476 596 582
625 546 739 594 ansul
762 547 889 595 aucun
915 547 1126 594 arrenoauu.
1207 531 1295 613 [arn.
1312 545 1357 594 rv.

410 701 455 766 ad
470 703 585 768 locum
601 703 757 779 veniens,
771 701 873 766 fidem
891 700 1052 765 admirati
1068 703 1242 784 probavit.
1294 703 1359 766 Est

248 774 397 822 lauronem·
456 803 463 817 .

247 824 322 863 uum.

409 822 501 866 enun
525 804 614 867 citra
635 803 813 892 civitatem
834 803 1003 879 Beritum,
1029 802 1200 865 milliariis
1221 804 1358 868 circiter

409 904 574 985 quinque,
604 903 702 966 locus
741 902 882 965 omuino
916 909 1085 982 angustus
1107 903 1215 985 juxta
1249 922 1357 981 mare,

409 1021 512 1083 quem
530 1010 565 1065 et
579 1007 756 1084 praerupta
776 1001 914 1083 rupium
930 1008 966 1064 et
981 1008 1078 1064 arcta
1091 993 1247 1065 lcollium
1269 1002 1356 1066 adeo

409 1108 582 1178 coercent,
613 1109 652 1165 ut
681 1108 821 1165 centum
847 1101 925 1176 viri,
951 1100 1109 1164 faucibus
1141 1101 1210 1164 illis
1241 1103 1356 1183 potiti,

411 1201 633 1283 quantumvis
658 1219 838 1264 numerum
863 1200 1100 1264 itinerantium
1122 1201 1218 1264 aditu
1240 1202 1358 1282 prohi-

410 1301 492 1364 bere
514 1308 653 1383 queant.
705 1300 821 1364 Locus
845 1306 899 1363 est
921 1298 1131 1363 inevitabilis
1154 1300 1198 1363 de
1223 1300 1358 1383 Tripoli

411 1399 659 1484 lerosolymam
686 1400 857 1463 euntibus.
910 1398 993 1462 Huc
1022 1418 1105 1480 ergo
1133 1399 1357 1464 Baldewinus

410 1502 625 1582 perveniens,
646 1499 882 1582 speculatores
903 1498 998 1561 misit
1024 1499 1084 1581 qui
1105 1498 1210 1562 situm
1232 1500 1300 1564 loci
1322 1508 1358 1564 et

400 1600 502 1664 'vires
517 1600 668 1664 hostium
681 1599 937 1662 renunciarent.
990 1597 1155 1680 Regressi
1169 1599 1277 1680 legati
1290 1599 1356 1662 dis·
1416 1589 1419 1596 ’

411 1698 601 1763 licultatem
617 1699 780 1776 faucium,
796 1704 831 1761 et
846 1698 1120 1761 adversariorum
1138 1700 1198 1780 qui
1220 1699 1356 1762 insede-

410 1804 490 1861 rant
514 1798 685 1874 fiduciam,
701 1799 763 1861 vix
788 1816 852 1879 pro
876 1797 998 1861 timore
1021 1797 1201 1875 intellecti,
1216 1799 1357 1862 anhela-

410 1905 513 1961 runt:
537 1893 575 1961 at
592 1898 825 1974 Baldewinus,
848 1897 909 1979 qui
930 1916 1053 1979 parum
1075 1898 1120 1960 ab
1142 1899 1273 1980 optimo
1295 1900 1357 1980 qui

409 2016 562 2079 unquam
586 1997 690 2061 suerit
712 1997 822 2060 milite
846 1997 1004 2073 distaret,
1032 1996 1118 2060 nihil
1140 1999 1357 2079 perterritus

410 2097 518 2160 aciem
547 2098 750 2180 dispositam
785 2098 823 2160 in
860 2115 920 2159 eos
955 2103 1155 2160 constanter
1191 2098 1355 2162 instituit.

409 2195 510 2260 'lianc
526 2197 651 2260 Ducah
670 2197 778 2260 mittit
792 2195 927 2277 aliquos
944 2197 1004 2278 qui
1026 2196 1148 2277 praelia
1170 2197 1282 2278 prima
1303 2198 1355 2260 la-

408 2307 558 2375 cessant,
585 2296 793 2378 eliciantque
815 2297 995 2374 incaut0s3
1027 2303 1204 2359 retentans
1230 2297 1353 2379 ampli-

409 2415 487 2459 ores
500 2397 593 2460 vires
607 2398 644 2460 in
660 2396 745 2460 locis
758 2395 972 2478 opportunis.
1027 2394 1153 2477 Itaque
1174 2395 1226 2458 illi
1242 2399 1354 2478 primo

408 2514 536 2578 magno
549 2497 681 2579 impetu
694 2495 825 2573 venire,
842 2514 922 2558 mox
941 2494 1088 2559 subinde
1102 2495 1353 2579 subterfugere,

406 2602 595 2661 utnostros
618 2597 654 2660 in
677 2596 859 2677 angustias
874 2595 1094 2658 deducerent.
1146 2596 1182 2659 N
1184 2616 1230 2659 on
1251 2597 1354 2661 latuit

407 2695 645 2759 Baldewinum
660 2693 898 2778 hujuscemodi
906 2693 1097 2773 calliditas3
1116 2696 1188 2771 sed,
1200 2697 1352 2778 antiquae

405 2795 538 2858 militiae
561 2816 627 2859 usu
652 2797 854 2869 instructus,
872 2794 943 2855 suis
958 2801 996 2856 ut
1012 2793 1129 2874 fugam
1150 2795 1353 2860 simularent

406 2894 539 2975 innuit3
562 2895 665 2958 simul
686 2902 733 2971 et,
750 2901 791 2957 ut
814 2892 1043 2974 suspicionem
1066 2901 1178 2957 metus
1202 2904 1352 2976 urgeret,

404 2995 559 3057 sarcinas
571 3002 607 3058 et
621 2994 866 3075 impedimenta
882 3011 961 3074 quae
976 2986 987 3022 ²
993 3001 1181 3074 posuerant
1197 2995 1352 3072 resumit,

404 3101 440 3155 et
460 3093 619 3176 jumenta
640 3092 790 3156 stimulis
812 3092 949 3173 agitari,
969 3092 1054 3173 quin
1070 3099 1106 3156 et
1120 3092 1257 3157 ordines
1274 3093 1351 3157 lax-

404 3192 469 3268 ari,
501 3200 541 3256 ut
571 3192 687 3256 hostes
718 3193 942 3269 incurrerent,
976 3192 1096 3256 edixit.
1148 3192 1239 3257 Tum
1268 3214 1350 3258 vero

404 3291 470 3355 hoc
487 3292 563 3356 viso
579 3292 685 3357 Turci
710 3292 881 3367 exultare,
896 3298 931 3354 et
953 3289 1065 3354 dirum
1079 3291 1289 3371 frendentes
1311 3302 1351 3358 ut

404 3391 612 3456 Eumenides
639 3392 819 3455 exululare
843 3391 1011 3467 crederes,
1035 3398 1172 3455 nostros
1204 3394 1350 3475 insequi.

403 3490 553 3568 Quidam
583 3493 735 3555 ascensis
764 3489 911 3555 navibus
938 3489 1057 3553 littora
1084 3511 1349 3574 praeoecupare3

402 3591 542 3672 quidam
569 3593 667 3674 equis
690 3609 913 3673 praecurrere,
936 3596 971 3652 et
987 3592 1188 3672 peregrinos
1211 3592 1349 3657 incaute

396 3689 504 3772 juxta
517 3710 612 3755 mare
625 3691 843 3755 ambulantes
857 3684 1075 3754 interimere.
1128 3690 1204 3754 Ne'c
1222 3691 1349 3756 Franci

399 3791 598 3855 simulatam
631 3792 749 3873 fugam
779 3790 925 3854 omisere
955 3788 1064 3853 donec
1092 3789 1137 3853 ad
1167 3791 1347 3873 planitiem

399 3909 503 3971 quam
527 3890 637 3955 oculis
651 3890 910 3954 destinaverant
929 3888 1169 3970 pervenirent:
1192 3890 1348 3973 nullique

398 3991 569 4053 tumultus
595 4009 779 4053 excussere
801 3988 885 4053 viris
907 3995 1052 4064 menteS,
1074 3988 1263 4070 quinimmo
1287 4010 1347 4053 ne-

430 4208 440 4240 ι
460 4204 593 4278 Coum]
619 4211 649 4261 S.
673 4213 719 4271 0.;
746 4211 859 4273 callium,
886 4256 892 4269 ι
921 4182 1079 4235 ’Potuerunt
1095 4187 1218 4269 resumit]
1245 4188 1279 4237 D.
1297 4190 1347 4250 E.;

395 4279 428 4329 Α,
441 4281 477 4330 1),
489 4281 521 4329 Ε,
534 4282 565 4329 Β,
879 4270 934 4315 Jam
945 4256 1115 4317 deposuerant
1124 4257 1304 4320 resum1,A.S.
1316 4260 1346 4309 C.

884 4325 916 4377 L.
