3142 5025
214 555 283 603 arn.
300 538 366 620 rv.]
441 554 554 604 eusrr
578 555 705 605 uacua
730 557 945 606 suetonum
1098 543 1164 607 559

214 713 408 795 episcopus
462 711 688 775 Boamnndus
708 713 744 776 in
761 721 924 777 extremo
943 712 1080 794 agmine
1097 707 1163 776 ¹in·

214 812 368 889 cedebat,
395 812 532 877 caeteris
559 812 715 876 subsidio
743 812 893 877 futurus
946 813 1164 876 Raimundus

214 912 249 974 in
266 913 352 976 urbe
369 919 593 989 remanserat,
610 912 670 994 qui
686 913 814 976 nostris
832 912 985 996 receptui
1004 913 1164 996 provide-

215 1019 281 1089 ret,
303 1013 334 1075 si
360 1029 502 1076 necesse
527 1010 627 1090 soret.
689 1011 770 1076 Hoc
793 1011 900 1076 Turci
926 1012 1060 1076 eminus
1083 1032 1165 1077 con·

216 1112 351 1194 spicati,
366 1112 478 1194 primo
502 1111 586 1193 quid
608 1119 703 1175 esset
723 1112 867 1176 haesere.
920 1112 1008 1176 Mox
1025 1112 1166 1193 cognito

217 1212 347 1275 vexillo
372 1211 537 1294 episcopi,
562 1211 655 1292 quod
680 1231 758 1275 eum
785 1211 937 1276 maxime
961 1217 1165 1288 metuerent,

217 1312 300 1392 quia
321 1311 419 1374 illum
443 1330 570 1393 papam
594 1310 872 1393 Christianorum
898 1319 934 1374 et
955 1311 1164 1374 incentorem

187 1483 190 1486 ⁴
218 1411 385 1474 bellorum
411 1404 641 1488 'dictitarent
680 1418 869 1493 antequam
897 1410 1091 1487 ferirentur,
1116 1410 1168 1474 vi-

218 1509 338 1573 dentes
352 1509 445 1593 quod
469 1510 580 1574 nostri
597 1518 669 1574 tam
691 1511 846 1574 animose
868 1516 905 1574 et
925 1511 1168 1574 incunctanter

218 1610 455 1691 procederent,
473 1617 573 1692 terga
591 1606 739 1674 ‘dederez
765 1611 866 1674 alteri
884 1628 1035 1692 quoque,
1051 1608 1167 1693 inspe-

218 1716 296 1772 rato
312 1709 494 1773 exilientes
511 1711 676 1793 tripudio,
692 1710 852 1775 cedentes
879 1710 1044 1786 cecidere,
1058 1728 1167 1791 quan·

219 1815 293 1872 tum
315 1809 370 1873 vel
395 1810 549 1892 peditum
576 1809 637 1873 ilia
658 1810 714 1873 vel
739 1811 894 1893 equitum
919 1809 1069 1873 calcaria
1094 1809 1166 1872 sus·

219 1908 319 1972 ficere
346 1916 545 1991 potuerunt.
599 1909 930 1993 Persuadebantque
959 1908 1025 1973 sibi
1052 1908 1167 1972 videre

219 2027 257 2070 se
281 2010 444 2091 antiquos
470 2018 652 2092 martyres,
669 2011 728 2091 qui
752 2011 832 2073 olim
851 2010 979 2072 milites
1006 2008 1167 2088 luissent,

218 2109 346 2191 quique
377 2109 498 2173 mortis
532 2110 643 2191 pretio
683 2116 866 2192 parassent
899 2109 1043 2192 praemia
1072 2110 1168 2186 vitae,

221 2206 410 2290 Georgium
435 2207 514 2272 dieo
536 2215 572 2272 et
590 2209 818 2288 Demetrium,
836 2209 977 2273 vexillis
999 2207 1124 2272 levatis
1146 2227 1168 2272 a

220 2309 378 2389 partibus
391 2308 566 2371 montanis
580 2327 771 2385 accurrere,
784 2307 905 2392 Jacula
927 2307 963 2370 in
988 2307 1117 2385 hostes,
1131 2306 1168 2370 in

220 2426 258 2470 se
275 2407 444 2471 auxilium
461 2408 648 2472 vibrantes.
703 2407 779 2472 Nec
802 2406 1016 2472 diffitendum
1038 2413 1092 2470 est
1116 2406 1167 2469 as·

220 2505 326 2571 luisse
354 2514 525 2590 martyres
550 2507 770 2586 Christianis,
796 2509 887 2573 sicut
909 2506 1083 2589 quondam
1107 2525 1168 2571 an-

219 2608 318 2689 gelos
337 2607 572 2672 Macchabaeis
587 2609 691 2671 simili
706 2608 880 2673 duntaxat
890 2626 996 2671 causa
1010 2624 1169 2691 pugnan-

221 2708 326 2771 tibus.
379 2707 525 2771 Reversi
539 2709 670 2773 veroin
687 2709 853 2791 praedam,
870 2715 970 2772 tanta
986 2708 1022 2770 in
1043 2708 1168 2771 castris

219 2807 356 2871 illorum
379 2806 557 2890 reperiunt
569 2828 649 2891 quae
674 2808 861 2892 cujuslibet
876 2801 1084 2871 “avidissimi
1106 2825 1168 2870 ex·

220 2908 349 2971 orcitus
372 2908 567 2971 satietatem
590 2916 733 2991 possent
747 2908 803 2971 vel
821 2916 1013 2991 temperare
1030 2906 1083 2970 vel
1106 2926 1168 2969 ex-

219 3007 389 3088 tinguere.
412 3032 416 3039 ·
443 3007 524 3071 Hoc
546 3008 704 3091 praelium
727 3016 843 3072 actum
867 3016 920 3071 est
940 3025 1032 3070 anno
1054 3007 1301 3069 incar-anias.

219 3107 369 3170 nationis
382 3106 574 3172 Dominicae
590 3108 771 3172 millesimo
788 3107 1011 3190 nonagesimo
1029 3111 1193 3214 octavo,J
1245 3176 1270 3213 2⁸

219 3213 345 3287 quarto
367 3204 534 3271 kalendas
560 3207 583 3271 J
586 3207 670 3286 ulii;
693 3227 774 3271 nam
798 3208 908 3289 pridie
935 3225 1045 3270 nonas
1061 3199 1167 3269 ‘Julii
1180 3184 1277 3289 siffis

218 3314 323 3388 capta
349 3306 463 3371 luerat
488 3308 581 3371 urbs.
628 3306 728 3384 Mox,
753 3304 911 3370 kalendis
934 3304 1088 3387 Augusti
1112 3324 1167 3369 se·
1180 3324 1264 3373 aur-1.

219 3406 416 3487 quentibus,
451 3406 633 3471 Podiensis
664 3407 859 3489 episcopm,
893 3404 1167 3469 Christianorum

219 3505 403 3583 vexillifer,
418 3505 511 3569 illius
529 3507 610 3570 boni
633 3514 754 3570 auctor
768 3506 977 3590 praecipuus
992 3506 1166 3567 communi

189 3687 193 3691 Α
217 3605 415 3669 mortalium
442 3605 630 3670 conditioni
658 3605 805 3671 feliciter
829 3624 952 3669 manus
984 3603 1099 3684 dedit3
1132 3611 1168 3667 et

221 3704 330 3785 Hugo
347 3724 507 3787 magnus,
521 3725 687 3770 concessu
710 3713 750 3769 ut
771 3706 869 3769 aiunt
886 3705 1039 3779 heroum,
1057 3704 1166 3766 Fran-

218 3806 308 3868 ciam
333 3805 446 3883 rediit,
468 3814 632 3870 causatus
663 3806 863 3870 continuam
892 3804 1063 3868 viscerum
1095 3810 1166 3865 tor-

217 3905 359 3970 tionem.
424 3940 427 3945 -

251 4080 260 4113 ¹
281 4082 430 4146 Incedebat]
457 4082 491 4132 A.
513 4081 548 4132 D.
572 4083 606 4132 E.
629 4083 678 4143 L.;
739 4079 929 4143 Maduateni]
949 4082 978 4129 C.
993 4079 1027 4129 D.
1042 4079 1090 4137 E.;
1106 4092 1166 4127 ava·

216 4153 321 4203 omitted
331 4154 357 4201 in
370 4153 398 4203 S.
412 4154 442 4202 G.
704 4152 807 4212 tissimi,
818 4150 850 4201 A.
864 4151 892 4200 S.
905 4151 935 4199 L.

739 4220 749 4251 ⁴
760 4215 852 4288 dulia]
867 4222 896 4269 C.
907 4236 914 4279 3
925 4220 1020 4268 altered
1031 4220 1065 4280 by
1077 4234 1093 4267 a
1103 4219 1167 4266 later

252 4288 448 4355 ²Dictitnreat.]
474 4292 507 4340 A.
526 4292 560 4340 D.
580 4292 612 4341 E.
631 4292 678 4350 Ε.;
704 4290 771 4339 hand
783 4291 845 4339 srom
857 4290 949 4339 ‘Julii'
960 4295 985 4338 to
997 4289 1104 4351 ‘Junii,‘
1117 4290 1166 4348 Ε.;

216 4362 338 4423 dicerent,
351 4363 379 4411 S.
394 4365 423 4411 0.
705 4360 830 4422 suniam
844 4362 871 4408 S.
885 4360 919 4409 D.
932 4360 962 4407 L.
986 4422 989 4427 Ι
