3142 5025
427 527 494 594 448
649 543 762 592 cnsrs
786 541 914 592 nncuu
938 540 1154 592 suenorum,
1220 523 1381 610 [mmm.

427 700 604 767 venentius
633 719 671 764 se
694 708 826 783 ageret,
850 707 997 782 cogente
1024 700 1148 764 ultima
1172 701 1379 766 necessitate

427 800 639 882 degradatus
667 807 733 864 est.
786 801 919 864 Ferunt
943 799 1084 882 quidam
1115 819 1191 863 esse
1214 815 1378 864 arcanam

429 900 656 982 depositionis
683 918 850 979 cansam;
891 900 1086 977 Matildem,
1112 919 1218 981 qnam
1241 899 1380 964 Willel·

428 1015 506 1062 mus
533 1005 727 1080 acceperat,
751 999 947 1080 proximam
972 999 1038 1062 sibi
1064 998 1234 1080 sanguine
1260 998 1377 1063 fuisse.

430 1098 485 1176 Id,
503 1096 712 1161 Christianae
729 1097 810 1161 fidei
827 1098 913 1177 zelo,
929 1098 1140 1179 Malgerinm
1156 1117 1226 1162 non
1243 1098 1379 1176 tulisse,

428 1204 469 1262 ut
490 1198 750 1279 consanguineo
775 1197 881 1261 cubili
911 1197 1127 1277 fruerentur3
1161 1197 1284 1261 sedin
1317 1217 1380 1260 ne-·

428 1304 545 1380 potem
569 1302 605 1360 et
619 1315 816 1378 comparem
839 1297 1205 1361 excommunicationis
1220 1297 1379 1381 jaculum

426 1392 629 1459 intentasse.
687 1395 746 1459 Ita
777 1415 856 1460 cum
889 1397 950 1459 irae
984 1395 1214 1459 adolescentis
1244 1397 1379 1460 uxoriae

428 1495 578 1576 querelae
601 1494 816 1573 accederent,
836 1495 1056 1576 excogitatas
1078 1496 1277 1559 occasiones
1303 1497 1381 1577 qni·

427 1595 492 1657 bns
508 1600 710 1675 persecutor
724 1595 861 1675 peccati
877 1594 958 1657 sede
974 1593 1183 1675 pellereturz
1206 1593 1267 1656 sed
1283 1602 1380 1676 post-

428 1693 568 1756 modum
584 1693 858 1774 provectioribus
875 1694 987 1770 annis,
1004 1701 1068 1774 pro
1083 1693 1284 1776 expiatione
1304 1709 1379 1757 sce*

429 1791 523 1868 leris,
546 1790 645 1856 illum
668 1799 790 1855 sancto
816 1790 993 1874 Stephano
1016 1791 1179 1855 Cadomis
1205 1799 1380 1856 monaste-

429 1891 518 1953 rium
542 1890 745 1967 aedificasse,
763 1884 877 1954 ¹illam
893 1892 1005 1954 beatae
1022 1891 1188 1955 Trinitati
1203 1891 1240 1953 in
1257 1891 1377 1956 eodem

429 1991 507 2054 vico
519 1989 611 2052 idem
627 1989 749 2053 iecisse
761 2009 770 2068 3
798 1997 946 2072 utroque
959 2009 1022 2072 pro
1034 2009 1122 2057 sexu
1133 2009 1197 2054 sno
1211 2007 1377 2073 personas

429 2089 697 2152 inhabitantium
712 2089 873 2170 eligente.
1339 2086 1345 2096 '

427 2223 432 2230 ·
482 2186 592 2272 5268.
620 2188 792 2270 Malgerio
815 2189 984 2252 successit
1011 2187 1210 2266 Mauritius,
1236 2189 1380 2253 Fiscan-

429 2289 546 2351 nensis
572 2286 773 2365 monachus,
795 2289 913 2352 multis
928 2288 1118 2352 virtutibus
1142 2288 1203 2352 sed
1225 2290 1378 2353 maxime

428 2384 641 2451 abstinentia
669 2387 843 2451 laudatus.
897 2387 935 2450 Is
966 2395 1047 2470 post
1076 2388 1164 2451 bene
1195 2394 1231 2452 et
1256 2395 1377 2452 sancte

429 2493 543 2552 actam
560 2489 681 2565 vitam,
699 2507 777 2552 cum
793 2487 837 2551 ad
851 2493 1044 2551 extremum
1061 2486 1138 2551 Deo
1155 2494 1304 2552 vocante
1318 2507 1379 2552 ve-

429 2588 550 2663 nisset,
564 2588 664 2651 vitali
683 2588 842 2669 privatus
865 2580 996 2650 2halitu
1020 2587 1127 2650 ferme
1152 2587 1295 2651 dimidia
1321 2587 1376 2651 die

424 2685 539 2769 jacuit
566 2685 767 2766 defunctus3
802 2693 1041 2763 veruntamen,
1068 2705 1146 2748 curn
1168 2686 1243 2770 jam
1276 2706 1379 2769 para-

371 2856 374 2861 ,
429 2792 525 2847 retur
555 2785 590 2848 in
623 2785 804 2849 ecclesiam
835 2784 930 2863 ferri,
961 2786 1077 2848 anima
1108 2792 1285 2868 resumpta
1315 2786 1381 2849 cir-

427 2891 642 2948 cumstantes
667 2884 908 2967 lachrymabili
933 2884 1060 2965 gaudio
1086 2883 1246 2967 perfudit.
1298 2883 1380 2949 stu-

428 2990 552 3066 pentes
568 2984 634 3048 hoc
653 3002 810 3046 sermone
832 2984 1054 3048 corroborate
1077 2981 1238 3047 ‘Attenti
1262 2985 1378 3048 animo

426 3088 552 3158 estote,
578 3082 700 3145 ultima
722 3083 875 3165 pastoris
894 3084 1002 3146 vestri
1023 3083 1129 3146 verba
1155 3082 1379 3165 excipientes.

429 3180 595 3245 Naturali
618 3188 729 3245 morte
751 3182 926 3246 resolutus
943 3181 1006 3258 ini,
1022 3180 1096 3258 sed,
1114 3189 1154 3245 nt
1168 3183 1269 3245 vobis
1294 3184 1378 3246 inti-

428 3298 558 3343 marem
582 3298 660 3362 quae
684 3281 768 3355 vidi,
797 3281 961 3344 reductus
986 3299 1084 3361 sum3
1111 3301 1174 3345 nec
1200 3282 1380 3364 aliquanto

427 3379 560 3443 diutius
582 3381 782 3457 subsistam,
799 3381 883 3462 quia
904 3381 941 3442 in
964 3379 1115 3444 Domino
1137 3382 1296 3463 soporari
1322 3381 1381 3444 de·

427 3479 546 3544 lectat.
599 3479 771 3544 Ductores
803 3480 948 3562 spiritus
976 3480 1043 3542 mei
1066 3479 1221 3543 vultibus
1246 3488 1283 3543 et
1303 3499 1380 3544 ues-

428 3579 522 3641 tibus
556 3578 601 3642 ad
628 3598 764 3643 omnem
802 3578 1010 3659 elegantiam
1044 3585 1144 3642 erant
1174 3580 1378 3661 compositi3

425 3678 660 3742 concordabat
683 3678 867 3741 verborum
898 3677 1024 3741 lenitas
1059 3698 1137 3741 cum
1164 3679 1278 3743 nitore
1302 3698 1381 3743 ves-

463 3901 472 3933 ¹
492 3905 565 3953 Illum
582 3904 658 3953 beata
676 3903 818 3967 Trinitati]
836 3904 891 3952 The
915 3903 1041 3968 daughter
1051 3903 1159 3966 Cecilia,
1169 3903 1277 3953 devoted
1293 3904 1339 3953 her
1354 3909 1381 3954 to
1420 3934 1423 3937 ·

424 3974 573 4023 conventos
587 3974 629 4022 the
647 3974 717 4034 Holy
727 3974 826 4034 Trinity
836 3988 891 4022 was
915 3974 958 4022 the
969 3975 1065 4023 service
1075 3973 1105 4022 cl
1113 3974 1172 4024 God
1182 3975 1209 4021 in
1220 3974 1271 4022 this
1282 3989 1381 4023 monas·

428 4040 539 4091 founded
551 4045 582 4104 by
597 4044 707 4092 Matilda
717 4044 744 4091 in
756 4048 830 4105 1066,
840 4043 891 4091 end
915 4048 981 4104 tery,
993 4044 1079 4093 where
1097 4044 1142 4093 she
1160 4045 1263 4093 became
1281 4044 1324 4093 the
1341 4058 1382 4093 se·

428 4111 462 4160 its
477 4112 571 4161 chnrch
582 4113 716 4162 dedicated
733 4128 766 4161 on
776 4113 819 4161 the
832 4111 891 4161 leth
916 4114 981 4162 cond
992 4114 1093 4163 abbess.

427 4180 457 4228 ol
475 4181 544 4230 June
566 4182 592 4229 in
613 4182 668 4230 that
689 4196 759 4243 year.
811 4182 891 4231 Dukc

427 4250 540 4299 William
552 4266 588 4299 on
607 4251 649 4300 the
668 4266 739 4300 same
756 4253 818 4313 day,
833 4266 891 4313 pre-
951 4248 1094 4315 'Halits.]
1117 4252 1151 4303 A.
1176 4252 1205 4302 S.
1231 4253 1261 4303 C.
1280 4252 1314 4303 Ε.
1332 4254 1382 4315 1..;

426 4320 526 4383 senting
549 4324 575 4368 at
597 4320 639 4369 the
661 4322 729 4371 altar
744 4322 784 4371 his
809 4320 891 4371 infant
916 4321 1040 4384 anhelitu,
1052 4320 1086 4371 D.
