3142 5025
429 527 495 592 430
651 542 766 591 onsrs
790 543 917 592 ancum
941 544 1156 593 ssononun.
1226 530 1312 611 [crs.
1330 546 1385 593 111.

430 700 539 778 berni,
556 699 799 783 desponderat,
822 700 955 783 majora
967 696 1066 783 justo
1087 705 1200 763 mente
1222 700 1380 776 metiens,

431 800 648 882 tyrannidem
680 798 807 863 adoriri
839 799 1082 863 meditabatur.
1147 798 1273 880 Itaque
1303 800 1380 881 ipso

431 900 631 981 nuptiarum
668 899 723 961 die
758 899 896 979 magnis
924 898 1149 981 apparatibus
1184 899 1381 963 convivium

431 999 616 1079 agitatum,
638 997 749 1083 (quod
776 997 1055 1062 Normannorum
1087 997 1179 1078 gulae
1202 997 1278 1080 jam
1305 995 1381 1061 An-

430 1097 567 1179 glorum
584 1097 690 1161 luxus
706 1094 925 1179 influxerat)
943 1098 1046 1160 ebriis
1061 1084 1231 1173 concivis,
1249 1103 1285 1159 et
1298 1098 1381 1160 vino

432 1198 655 1274 tumentibus,
673 1196 789 1281 amplo
805 1197 987 1259 verborum
1009 1196 1142 1259 ambitu
1165 1196 1382 1277 propositum

429 1315 531 1359 suum
545 1297 676 1378 aperit:
700 1295 764 1371 illi,
780 1296 863 1377 quia
882 1296 919 1357 in
942 1314 1062 1359 eorum
1083 1295 1198 1358 animo
1213 1313 1277 1376 pro
1293 1302 1380 1377 potu

429 1396 542 1459 onmis
564 1396 654 1459 ratio
671 1395 858 1475 caligabat,
875 1394 1008 1475 ingenti
1027 1394 1152 1476 plausu
1169 1393 1299 1456 dicenti
1323 1412 1380 1456 ac·

428 1495 589 1557 clamant.
642 1493 698 1556 Ibi
735 1492 909 1573 Rogerius
946 1512 1061 1556 comes
1096 1492 1377 1570 Herefordensis,

428 1594 550 1655 uxoris
564 1591 706 1655 Radulfi
722 1591 903 1668 frater;ibi
919 1591 1133 1681 weldeofus,
1150 1592 1198 1655 ibi
1212 1596 1381 1673 praeterea

428 1691 684 1774 quamplurimi,
715 1692 752 1754 in
789 1710 908 1754 necem
944 1692 1035 1773 regis
1075 1691 1279 1774 conjurant3
1317 1690 1378 1754 sed

428 1797 568 1872 postero
582 1790 650 1867 die,
665 1810 755 1867 cum,
769 1789 905 1870 digesto
928 1791 1042 1855 calore
1059 1790 1142 1867 vini,
1156 1791 1380 1872 temperatior

428 1908 516 1952 aura
532 1889 637 1953 corda
653 1889 870 1971 quorundam
895 1889 1058 1966 afflasset,
1073 1890 1185 1973 major
1198 1908 1279 1971 pars
1295 1888 1378 1953 sacti

428 1989 600 2075 poenitens
614 2007 636 2051 a
650 1988 810 2052 convivio
824 1988 969 2070 dilapsa.
1012 1988 1110 2052 Unus
1126 2008 1243 2052 eorum
1261 1986 1378 2075 (Wal-

428 2086 512 2150 deof
521 2083 658 2170 fertur),
674 2088 735 2169 qui
758 2087 902 2150 consilio
922 2086 1107 2151 Lanfranci
1128 2087 1377 2170 archiepiscopi

428 2179 692 2249 ¹Normanniam
706 2186 798 2249 ultro
807 2179 1003 2267 ²navigans,
1015 2206 1087 2249 rem
1097 2186 1182 2267 regi,
1192 2205 1298 2251 causa
1311 2206 1378 2251 sua

428 2284 601 2349 duntaxat
624 2286 749 2361 celata,
765 2284 909 2349 detulit:
933 2293 971 2349 at
993 2286 1137 2349 comites
1161 2286 1198 2348 in
1222 2286 1377 2367 incoepto

428 2385 623 2466 persistere,
635 2384 864 2466 provinciales
879 2404 961 2449 suos
976 2386 1123 2467 quisque
1134 2384 1172 2447 in
1188 2383 1375 2447 tumultum

428 2485 601 2564 excitare3
619 2483 680 2548 sed
696 2484 888 2549 obsistebat
903 2485 952 2548 eis
970 2484 1079 2560 Deus,
1093 2501 1212 2547 omnes
1228 2490 1376 2548 conatus

428 2602 547 2646 eorum
562 2584 599 2646 in
615 2584 751 2646 irritum
769 2583 949 2646 deducens.
1003 2583 1092 2647 Mox
1109 2584 1199 2646 enim
1222 2603 1259 2647 re
1281 2603 1375 2646 com-

338 2668 346 2683 '
427 2689 541 2764 perta,
557 2680 663 2745 duces
685 2683 788 2762 regis,
803 2681 863 2763 qui
887 2682 1080 2745 custodiam
1102 2681 1376 2764 praetendebant,

429 2779 620 2844 Radulsum
646 2779 775 2843 adhoc
798 2779 1006 2845 calamitatis
1022 2781 1230 2863 compulere,
1251 2787 1303 2858 ut,
1319 2799 1376 2844 ar-

428 2887 529 2961 repta
552 2899 642 2944 nave
667 2878 760 2961 apud
777 2877 931 2956 Norwic,
951 2881 1038 2944 mari
1061 2899 1100 2944 se
1123 2880 1374 2944 committeret:

428 2998 519 3042 uxor
539 2978 627 3060 ejus,
649 2985 754 3060 pacta
775 2978 1003 3042 membrorum
1028 2979 1152 3056 salute,
1176 2977 1375 3061 traditoque

428 3076 583 3152 castello,
599 3078 759 3140 maritum
781 3084 911 3140 secuta.
965 3078 1150 3158 Rogerius,
1168 3097 1191 3140 a
1203 3097 1285 3159 rege
1299 3079 1376 3142 vin-

427 3176 514 3240 culis
541 3176 708 3253 irretitus,
738 3183 814 3240 tota
839 3177 914 3240 vita
937 3196 1108 3240 carcerem
1142 3177 1376 3258 frequentavit

427 3275 484 3339 vel
500 3275 616 3358 potius
629 3274 775 3338 incoluit
790 3295 798 3353 ;
822 3274 1035 3339 detestandae
1053 3275 1206 3359 perfidiae
1224 3275 1378 3359 juvenis,

426 3394 490 3438 nec
506 3375 658 3440 moribus
673 3375 878 3456 patrissans.

477 3472 583 3556 §Zdti
607 3473 783 3554 Siquidem
798 3466 954 3554 ³genitor
973 3471 1061 3554 ejuS,
1076 3472 1272 3538 Willelmus
1286 3474 1378 3538 filius

460 3687 468 3717 ¹
481 3690 658 3740 Nomroaaiam
675 3690 740 3737 ultro
758 3687 887 3750 navigans,
911 3686 976 3736 have
991 3687 1095 3736 omitted
1105 3687 1147 3736 the
1158 3687 1241 3736 whole
1256 3702 1376 3753 passage,

424 3775 475 3809 rem
489 3761 554 3822 regi,
570 3774 643 3808 causo
657 3774 702 3806 suc
718 3760 841 3807 duntaxat
851 3773 887 3806 ce·
911 3759 1021 3805 because
1028 3757 1089 3818 they
1099 3757 1145 3804 did
1155 3761 1199 3805 not
1206 3759 1374 3818 comprehend

424 3831 484 3891 loto,
499 3829 611 3892 detulit]
644 3829 694 3876 Mr.
714 3828 827 3890 ingram,
845 3827 887 3875 the
911 3827 950 3875 it!
990 3827 1041 3874 Mr.
1064 3826 1189 3887 Ingram’s
1211 3841 1314 3876 reasons
1335 3829 1376 3898 ior

424 3900 506 3948 editor
526 3900 556 3949 of
574 3899 616 3946 the
638 3899 723 3946 Saxon
745 3897 888 3957 Chronicle,
912 3895 1023 3956 arririug
1040 3898 1067 3943 at
1084 3895 1135 3944 this
1157 3896 1303 3946 conclusion
1323 3913 1376 3962 are,

424 3969 472 4017 has
483 3969 593 4017 accused
605 3967 780 4026 Malmesbury
792 3966 820 4014 of
827 3967 887 4014 here
912 3965 1037 4025 however,
1048 3963 1087 4012 far
1096 3964 1160 4013 from
1171 3965 1342 4027 satisfactory.

424 4039 568 4098 perverting
573 4037 616 4084 the
622 4036 707 4085 words
715 4036 744 4083 of
751 4036 794 4084 the
803 4037 887 4084 Saron
948 4029 959 4062 ²
971 4032 1122 4096 Nanigeris]
1145 4035 1191 4080 El
1204 4050 1211 4095 ς
1229 4036 1377 4100 enavigans,

425 4107 568 4156 Chronicle.
592 4105 635 4153 He
646 4119 774 4152 moreover
780 4105 887 4164 charges
912 4101 944 4150 A.
958 4102 986 4150 S.
1001 4103 1030 4150 C.
1043 4102 1078 4152 D.
1090 4104 1114 4149 Ε
1122 4106 1146 4151 2.
1159 4102 1190 4152 L.

424 4176 467 4224 the
479 4175 553 4222 Latin
568 4173 703 4222 historicus
713 4172 775 4221 with
793 4174 888 4236 having
947 4167 1074 4218 ³Gerritor
1092 4171 1164 4234 eiua]
1182 4172 1295 4220 William
1307 4174 1376 4224 Fitz-
1459 4189 1460 4192 ’

424 4245 451 4291 in
468 4243 570 4306 general
592 4242 795 4291 misunderstood
816 4243 887 4291 these
912 4239 1026 4289 osberne
1038 4255 1092 4289 was
1110 4242 1169 4301 only
1180 4241 1222 4289 the
1240 4242 1376 4293 father-in.

424 4313 518 4375 words,
529 4313 579 4362 and
598 4325 712 4361 assumes
731 4312 787 4361 that
797 4313 805 4341 ‘
814 4314 887 4362 Some
912 4310 963 4359 law
974 4309 1003 4358 oi
1011 4310 1095 4371 Ralph
1107 4310 1139 4358 de
1151 4309 1266 4361 Guader.
