3142 5025
419 510 485 577 654
635 524 748 573 essm
772 524 900 573 ancon
924 522 1139 573 suenorum,
1234 509 1322 591 [nra.
1337 526 1371 573 v.

420 684 506 749 rinae
523 682 692 767 applicari
700 684 820 767 jussit,
835 690 875 747 ut
886 701 1040 747 sororem
1054 681 1231 765 exciperet
1244 700 1254 762 ;
1276 701 1369 745 mor-

422 791 491 849 tem
517 784 671 847 misellus
693 802 757 867 pro
782 783 974 847 clementiae
995 781 1227 847 teneritudine
1249 781 1369 863 indep-

423 892 498 949 tus:
522 882 687 947 continuo
709 883 802 946 enim
816 882 1035 947 multitudine
1050 881 1276 946 insilientium
1291 899 1367 945 sca-

421 982 492 1066 pha
516 983 609 1047 victa
635 982 802 1060 subsedit,
824 1000 1010 1064 omnesque
1032 981 1163 1063 pariter
1186 979 1293 1045 fundo
1314 981 1368 1044 in-

423 1082 545 1149 volvit.
597 1081 722 1147 Evasit
746 1100 838 1146 unus
859 1088 895 1163 et
918 1081 978 1145 ille
1005 1080 1167 1163 agrestis,
1196 1080 1269 1162 qui,
1292 1085 1369 1143 tota

423 1190 524 1247 nocte
547 1181 639 1247 malo
666 1188 912 1263 supernatans,
929 1198 1031 1244 mane
1054 1180 1164 1244 totius
1185 1178 1368 1261 tragoediae

423 1288 539 1346 aetum
555 1280 737 1363 expressit.
790 1279 899 1344 Nulla
913 1298 1067 1363 unquam
1088 1277 1156 1343 init
1176 1278 1276 1343 navis
1293 1275 1368 1341 An·

423 1381 504 1463 glise
528 1387 637 1448 tante
659 1379 821 1457 miseriae,
835 1379 932 1443 nulla
955 1379 1021 1442 toti
1041 1378 1118 1442 orbi
1138 1384 1211 1442 tam
1238 1377 1368 1459 patulae

423 1480 537 1545 lamec.
588 1478 698 1543 Periit
713 1479 851 1544 ibicum
867 1477 1045 1543 Willelmo
1060 1476 1149 1543 alter
1164 1476 1257 1540 tilius
1275 1476 1368 1557 regis

424 1578 609 1656 Ricardus,
624 1596 727 1660 quem
752 1585 834 1642 ante
855 1596 1000 1660 regnum
1021 1595 1067 1640 ex
1083 1575 1286 1658 provinciali
1305 1575 1370 1639 see·

423 1679 518 1743 mina
546 1684 757 1759 susceperat,
774 1675 916 1761 juvenis
945 1676 1186 1758 magnanimus
1214 1682 1251 1740 et
1277 1675 1370 1757 patri

423 1796 487 1860 pro
502 1776 668 1858 obsequio
684 1782 871 1857 acceptus3
888 1776 1062 1840 Ricardus
1078 1794 1194 1839 comes
1211 1774 1369 1851 Gestriae,

424 1882 460 1940 et
473 1876 581 1961 frater
601 1874 678 1958 ejus
696 1874 858 1952 Otuelus,
882 1875 1052 1939 nutricius
1073 1880 1110 1938 et
1125 1874 1291 1955 magister
1306 1874 1369 1937 filii

424 1975 538 2056 regis;
563 1973 635 2038 iilia
660 1973 765 2056 regis,
792 1975 971 2038 comitissa
995 1972 1166 2052 Perticae3
1195 1980 1231 2037 et
1255 1973 1370 2056 neptis

425 2074 514 2157 ejus,
539 2093 639 2138 soror
665 2073 866 2150 Thetbeldi,
887 2073 1066 2138 comitissa
1091 2072 1256 2148 Cestriae:
1280 2092 1369 2154 pree·

425 2179 521 2239 terea
536 2173 694 2255 quisquis
710 2171 838 2237 eratin
855 2173 954 2237 curia
967 2172 1175 2237 lectissimus
1196 2172 1296 2235 miles
1314 2172 1370 2236 vel

424 2273 637 2355 capellanus,
654 2278 690 2336 et
705 2273 911 2355 optimatum
926 2271 989 2336 tilii
1006 2271 1049 2335 ad
1067 2271 1226 2335 militiam
1247 2290 1371 2353 prove·

424 2372 550 2451 bendi3
574 2365 813 2437 ¹accurrerant
829 2372 921 2435 enim
941 2370 1094 2453 undique
1106 2369 1164 2457 (ut
1180 2367 1285 2454 dixi),
1299 2390 1370 2434 non

425 2472 501 2538 leve
527 2471 649 2554 gloriae
668 2488 742 2535 suae
767 2471 982 2536 numeraturi
1006 2470 1222 2536 commodum
1244 2470 1276 2535 si
1299 2470 1370 2535 tilio

426 2573 518 2654 regis
535 2572 592 2638 vel
605 2571 777 2636 deferrent
795 2570 965 2634 ludicrum
982 2572 1040 2636 vel
1056 2569 1251 2636 conferrent
1272 2572 1371 2634 obse·

424 2673 554 2754 quium.
607 2669 921 2752 Accumulauitque
937 2669 1171 2736 calamitatem
1188 2669 1371 2734 difficultas

425 2769 709 2836 inveniendorum
743 2770 964 2847 cadaverum,
997 2770 1082 2851 quia
1113 2769 1278 2851 dispersis
1310 2789 1371 2852 per

425 2870 545 2934 littora
561 2870 805 2951 quaesitoribus
828 2869 960 2933 nullum
977 2868 1079 2933 facile
1099 2876 1274 2952 repertum
1296 2876 1372 2948 est;

425 2968 488 3034 sed
512 2969 627 3032 ierunt
648 2975 721 3032 tam
746 2968 897 3032 delicata
922 2987 1070 3062 porpora
1097 2969 1267 3050 aequorcis
1295 2988 1372 3032 cru-

426 3066 519 3130 delia
550 3067 679 3148 pabula
710 3068 886 3132 monstris.
937 3066 1126 3133 Juvenculi
1151 3087 1236 3149 ergo
1262 3074 1372 3131 morte

426 3167 579 3246 cognita,
596 3184 652 3229 res
672 3165 797 3229 mirum
817 3167 856 3230 in
876 3166 1016 3232 modum
1032 3174 1189 3232 mumtae.
1241 3166 1373 3231 Parens

427 3265 519 3328 enim
534 3263 713 3329 coelibatui
729 3265 961 3343 renunciavit,
970 3267 1027 3330 cui
1042 3273 1280 3350 postmortem
1293 3266 1372 3330 Ma·

427 3363 522 3428 tildis
536 3363 730 3442 studuerat,
740 3365 877 3429 futuros
892 3365 1047 3431 haeredes
1060 3385 1107 3430 ex
1118 3385 1210 3431 nova
1223 3366 1373 3450 conjuge

422 3463 639 3548 jamjamque
654 3465 823 3547 operiens.
876 3464 995 3542 Socer,
1008 3485 1055 3528 ex
1071 3465 1295 3548 Ierosolymis
1313 3465 1375 3528 do·

427 3583 521 3626 mum
546 3581 717 3641 reversus,
749 3563 906 3646 partibus
933 3564 1103 3628 Willelmi
1132 3564 1196 3628 tilii
1227 3564 1373 3629 Roberti

266 3675 387 3716 rrmm.
428 3662 623 3726 Normanni
647 3663 784 3726 comitis
811 3663 989 3745 improbus
1013 3664 1138 3740 astitit,
1161 3656 1321 3727 ²tradens
1343 3665 1375 3728 ei

426 3761 571 3826 alteram
593 3761 700 3826 filiam
722 3769 882 3844 nuptum,
901 3771 938 3828 et
955 3762 1247 3828 Cenomannicum
1268 3765 1375 3827 comi-

461 4021 699 4086 ¹Aecarrereat.].4.
709 4023 738 4073 S.
749 4024 779 4074 0.
789 4022 889 4074 Mt.
915 4038 961 4074 sou
979 4024 1009 4074 oi
1022 4025 1065 4074 the
1081 4025 1152 4076 duke
1171 4027 1200 4076 of
1219 4028 1377 4093 Normandy,

426 4095 495 4156 ΒΜ
511 4098 683 4156 accurrerunt,
696 4094 752 4144 El.
914 4094 978 4143 with
994 4095 1093 4157 sibilla,
1109 4096 1137 4143 iu
1157 4100 1230 4159 llas,
1246 4113 1301 4147 was
1322 4099 1376 4148 dis-

915 4164 1012 4225 solved,
1029 4170 1056 4214 at
1070 4165 1113 4214 tbe
1130 4166 1244 4216 instance
1259 4167 1290 4217 ol
1305 4169 1376 4232 King

460 4229 588 4282 wracene
598 4231 621 4280 ei
630 4230 821 4297 alteramfilium
830 4247 891 4295 nap-
916 4233 1015 4295 Henry,
1025 4235 1052 4283 in
1062 4234 1105 4283 the
1123 4233 1253 4300 following
1265 4252 1327 4300 year
1341 4239 1376 4300 by

427 4302 500 4364 tam.]
517 4301 571 4351 The
589 4303 714 4364 marriage
730 4301 759 4351 of
768 4303 890 4366 william
915 4303 957 4352 tbe
968 4303 1056 4366 pope's
1065 4305 1159 4366 legate.
