3142 5025
231 970 545 1055 WILLELMI
576 962 1129 1051 MALMESBIRIENSIS

391 1172 669 1235 HISTORIAE
700 1172 972 1232 NOVELLAE

520 1351 636 1405 LIBER
654 1348 864 1416 SECUNDUS.

442 1660 578 1710 INCIPIT
602 1659 711 1707 LIBER
734 1657 933 1707 SECUNDUS·

238 1839 250 1850 x
320 1839 355 1870 4
386 1873 387 1876 Ἴ
531 1788 637 1855 NNO
681 1789 875 1855 Dominicae
914 1788 1162 1854 incarnationis
1173 1814 1295 1881 anuum.

325 1887 361 1914 ff
425 1893 488 1960 ‚gf
553 1889 734 1953 millesimo
767 1890 955 1956 centesimo
990 1889 1163 1953 tricesimo
1173 1864 1315 1954 imi„-

324 1995 359 2068 ᾗ
464 1975 509 2071 ²}
555 2008 659 2065 nono,
673 2007 844 2051 venenum
863 1988 1019 2063 malitiae,
1045 1987 1104 2051 diu
1126 1966 1231 2050 indm

250 2142 270 2168 ff„
325 2139 345 2154 ,A
554 2087 669 2151 animo
684 2088 775 2168 rogis
791 2086 960 2168 Stephani
981 2087 1164 2163 nutritum,

235 2157 285 2233 Ὗ
350 2187 370 2218 ’
473 2165 504 2223 ‘'-
556 2185 695 2249 tandem
708 2186 823 2267 erupit
836 2185 873 2248 in
881 2172 1068 2268 publicum.
1102 2184 1164 2249 Se·

365 2285 367 2292 ’
556 2284 721 2348 rebantur
733 2285 769 2347 in
780 2282 913 2365 Anglia
922 2303 1077 2348 rumores
1089 2284 1165 2366 jam

473 2391 499 2408 “
549 2383 693 2465 jamque
708 2383 936 2447 adventurum
953 2403 973 2447 e
990 2382 1026 2447 N
1027 2400 1164 2445 orman-

217 2483 276 2546 nia
290 2485 448 2547 comitem
466 2482 658 2546 Robertum
672 2501 751 2547 cum
770 2499 910 2562 sorore3
925 2501 995 2567 qua
1009 2500 1163 2566 specum

217 2582 354 2647 multia
368 2601 451 2664 rege
467 2601 538 2646 non
558 2581 670 2646 solum
686 2582 815 2659 animo,
829 2581 891 2646 sed
906 2590 943 2646 et
957 2582 1062 2658 facto,
1080 2581 1163 2645 deii-

217 2687 347 2759 cerent,
363 2674 453 2764 ¹ipse
468 2678 648 2763 dispendia
664 2700 729 2746 sua
742 2680 929 2746 multorum
943 2680 1079 2764 injuriis
1090 2699 1163 2744 sar·
1290 2707 1293 2711 *

217 2779 342 2845 ciebat.
394 2780 517 2844 Plures
534 2780 650 2858 etiarn,
666 2801 730 2864 pro
744 2781 822 2845 sola
839 2779 1034 2863 suspicione
1052 2780 1164 2843 diver-

219 2898 335 2943 sarum
344 2887 511 2946 contrase
525 2880 689 2962 partium,
697 2881 734 2944 in
745 2881 843 2944 curia
851 2898 918 2944 sua
927 2886 1050 2944 contra
1060 2878 1164 2943 decus

217 2980 351 3060 regium
362 2987 495 3062 captos,
505 2985 540 3044 et
548 2980 593 3043 ad
601 2979 827 3044 redditionem
836 2979 1068 3056 castellorum,
1077 2978 1165 3043 etad

219 3097 444 3163 quascunque
464 3079 577 3144 voluit
597 3079 825 3156 conditiones,
846 3079 1004 3142 adduxit.
1056 3076 1167 3141 Erant

220 3184 303 3242 tunc
317 3178 386 3242 duo
406 3179 443 3243 in
460 3176 592 3261 Anglia
613 3179 766 3261 episcopi
786 3177 1029 3261 potentissimi,
1049 3175 1167 3258 Roge-

219 3277 291 3340 rius
305 3276 574 3354 Salesbiriensis,
591 3284 628 3341 et
643 3296 751 3361 nepos
764 3276 841 3361 ejus
864 3296 910 3340 ex
922 3277 1042 3353 fratre,
1056 3274 1167 3339 Alex·
1291 3320 1296 3327 ·

221 3375 328 3440 ander
355 3375 641 3440 Lindocoliensis
700 3374 902 3439 Alexander
933 3375 976 3438 ad
1010 3381 1168 3438 tutamen

221 3470 281 3558 (ut
293 3469 447 3558 dicebat)
460 3480 497 3537 et
510 3473 715 3556 dignitatem
740 3474 907 3557 episcopii
927 3473 1108 3537 castellum
1125 3472 1169 3536 de

222 3570 258 3636 N
260 3571 459 3636 iwewerche
478 3579 731 3637 construxerat.
783 3571 969 3653 Rogemus,
983 3572 1044 3654 qui
1060 3571 1168 3635 aedifi-

222 3671 354 3734 ciorum
370 3672 626 3736 coustructione
639 3672 897 3754 magnanimum
919 3691 958 3734 se
971 3671 1081 3735 videri
1097 3670 1171 3735 vel-

223 3769 283 3847 let,
310 3770 413 3852 plura
437 3770 531 3852 apud
561 3770 815 3848 Scireburnam,
846 3777 881 3834 et
906 3769 999 3852 apud
1026 3770 1172 3834 Divisas¹

223 3869 370 3934 multum
407 3876 576 3934 terrarum
610 3869 764 3934 aedificiis
795 3869 990 3952 amplexus,
1025 3868 1169 3933 turritas

224 3969 331 4032 moles
363 3975 530 4033 erexerat.
591 3966 697 4052 Apud
730 3967 1003 4032 Malmesbiriam
1030 3969 1066 4032 in
1093 3969 1170 4052 ipso

258 4231 337 4300 ¹Ipu
354 4235 481 4300 dispendio
497 4249 541 4284 suo
558 4235 687 4283 msltmm
711 4235 763 4283 rias
790 4247 852 4283 suas
873 4233 1008 4284 multorum
1033 4233 1176 4297 dispendiis

223 4305 323 4368 injuriis
333 4305 474 4371 sarciebat]
491 4306 540 4366 E.;
556 4305 611 4366 ipse
622 4304 688 4368 inju-
713 4304 848 4368 sarciebat,
858 4303 888 4355 S.
900 4304 935 4354 D.
947 4305 1003 4356 La
