3142 5025
166 527 322 607 marn]
400 542 514 591 onsrn
538 544 664 592 aucun
689 542 901 592 nucnoauu.
1054 528 1119 593 417

219 699 333 783 ξ245.
358 700 427 763 Illa
448 699 603 784 fuit'dies
626 700 743 763 fatalis
761 694 930 782 lAllgliae‚
945 698 1119 765 funestum
1133 724 1282 764 nrnnenand

167 800 343 862 excidium
360 800 472 863 dulcis
487 801 622 883 patriae,
639 819 704 883 pro
719 818 888 865 novorum
904 801 1120 865 dominorum
1132 778 1274 876 llllllll.

169 900 451 963 commutatione.
503 898 527 963 J
530 919 585 962 am
607 900 696 962 enim
720 900 852 982 pridem
874 900 1026 965 moribus
1046 900 1120 965 An-

169 998 308 1079 glorum
330 1000 540 1077 insueverat,
563 1000 624 1082 qui
638 1000 727 1064 varii
749 999 934 1063 admodum
950 1019 1014 1082 pro
1037 1007 1121 1065 tern-

170 1098 313 1179 poribus
338 1098 453 1163 suere:
479 1118 572 1176 nam,
587 1100 708 1181 primis
732 1098 904 1163 adventus
929 1100 983 1164 sui
1007 1102 1119 1179 annis,

168 1197 270 1261 vultu
288 1206 324 1261 et
341 1206 443 1279 gestu
467 1199 661 1276 barbarico,
684 1217 751 1262 usu
771 1198 906 1276 bellico,
929 1200 999 1264 ritu
1021 1200 1119 1263 fana·

141 1350 146 1355 .
169 1297 241 1360 tico
257 1298 445 1378 vivebant;
470 1299 531 1362 sed
553 1299 785 1380 postmodum,
803 1297 933 1363 Christi
954 1298 1021 1362 fide
1042 1318 1120 1363 sus·

168 1405 284 1479 cepta,
302 1398 469 1479 paulatim
493 1407 529 1462 et
554 1418 616 1480 per
636 1398 848 1462 incrementa
863 1398 1040 1480 temporis,
1057 1418 1120 1480 pro

168 1498 243 1560 otio
257 1498 350 1580 quod
367 1498 571 1574 actitabant,
588 1498 793 1561 exercitium
810 1518 983 1563 armorum
1006 1498 1042 1560 in
1065 1517 1118 1561 se-

168 1597 294 1659 cundis
309 1604 491 1679 ponentes,
506 1617 641 1661 omnem
661 1598 697 1660 in
719 1597 886 1678 religione
902 1616 1042 1680 operam
1065 1599 1119 1661 in·

167 1715 359 1779 sumpsere.
415 1696 531 1760 Taceo
563 1697 607 1761 de
638 1698 860 1779 pauperibus,
891 1716 978 1780 quos
1010 1696 1119 1761 fortu-

169 1815 294 1860 narum
308 1797 460 1860 tenuitas
482 1797 685 1879 plerumque
702 1798 857 1860 continet
881 1817 924 1860 ne
947 1797 1118 1863 cancellos

165 1895 316 1980 justitiae
342 1896 658 1977 transgrediantur:
693 1895 921 1978 praetermitto
949 1896 1118 1978 graduum

170 1995 486 2059 ecclesiasticorum
513 1996 618 2074 viros,
641 2015 728 2079 quos
759 1993 1007 2079 nonnunquam
1038 2016 1118 2079 pro-

169 2094 333 2159 fessionis
345 2097 534 2174 contuitus,
552 2097 612 2160 sed
634 2104 669 2159 et
688 2095 840 2161 infamiae
855 2102 979 2175 metus,
997 2114 1018 2159 a
1036 2115 1119 2161 vero

170 2195 310 2259 deviare
325 2214 395 2258 non
411 2195 507 2259 sinit.
558 2196 613 2259 De
630 2196 771 2277 regibus
785 2196 876 2274 dico,
888 2197 947 2278 qui
962 2215 1026 2278 pro
1046 2215 1118 2261 arn-

169 2295 341 2377 plitudine
370 2296 556 2378 potestatis
583 2295 729 2359 licenter
750 2295 930 2377 indulgere
957 2296 1118 2378 volupta-

171 2395 266 2458 tibus
278 2403 442 2478 possent:
467 2414 614 2478 quorum
630 2396 769 2478 quidam
785 2396 823 2458 in
839 2395 964 2477 patria,
978 2394 1118 2477 quidam
1147 2478 1148 2483 ἵ

172 2494 309 2573 Romae,
326 2502 461 2560 mutato
483 2495 615 2575 habitu,
629 2496 770 2560 coeleste
793 2495 917 2561 lucrati
935 2502 1017 2559 sunt
1039 2515 1116 2578 reg·

171 2615 267 2673 num,
292 2597 433 2660 beatum
458 2596 552 2660 nacti
575 2597 836 2676 commercium
868 2595 979 2672 multi,
1004 2597 1118 2678 speeie

170 2693 284 2772 tenus,
310 2703 386 2760 tota
399 2697 473 2759 vita
500 2696 664 2759 mundum
688 2695 852 2779 amplexi,
874 2702 914 2760 ut
937 2695 1118 2760 thesauros

168 2795 289 2877 egenis
304 2795 527 2871 effunderent,
545 2796 762 2859 monasteriis
774 2795 978 2860 dividerent.
1024 2795 1118 2873 Quid

168 2895 283 2959 dicam
318 2895 361 2958 de
397 2903 450 2960 tot
478 2895 662 2978 episcopie,
691 2895 877 2972 heremitiS,
911 2895 1117 2959 abbatibusl

170 3015 287 3059 nonne
320 3003 395 3059 tota
423 2996 539 3059 insula
571 2995 678 3060 tantis
701 2995 856 3078 reliquiis
881 2995 1118 3076 indigenarum

170 3094 340 3177 fulgurat,
361 3102 402 3159 ut
416 3097 478 3160 vix
495 3096 645 3177 aliquem
659 3095 773 3159 vicum
789 3095 960 3176 insignem
977 3101 1119 3177 praeter-

170 3214 232 3259 eas
262 3196 322 3259 ubi
346 3195 428 3259 novi
455 3195 568 3259 sancti
592 3215 716 3258 nomen
745 3214 814 3258 non
843 3194 988 3258 audiasl
1015 3214 1119 3277 quarn

170 3296 359 3359 multorum
381 3295 486 3358 etiam
509 3295 611 3377 periit
632 3294 808 3372 memoria,
830 3313 894 3376 pro
914 3293 1119 3376 scriptorum

170 3394 313 3478 inopia!
358 3394 596 3458 Veruntamen
611 3394 788 3458 literarum
803 3400 838 3457 et
854 3392 1029 3475 religionis
1046 3401 1119 3457 stu·

171 3495 231 3557 dia
258 3500 363 3557 aetate
389 3495 596 3576 procedente
625 3494 880 3571 obsoleverunt,
909 3513 977 3557 nou
1000 3493 1120 3574 paucis

169 3601 254 3657 ante
284 3594 473 3657 adveutum
505 3593 785 3658 Normannorum
813 3593 923 3658 annis.
975 3586 1119 3656 ²Cleriei

171 3693 352 3757 literatura
384 3693 611 3757 tumultuaria
642 3694 807 3769 conteuti,
832 3692 892 3756 vix
924 3710 1120 3756 sacramen·

207 3913 365 3978 Ἀκμὴ]
394 3915 429 3964 D.
453 3915 485 3965 E.
506 3916 558 3976 L.;
582 3915 635 3964 An·
660 3913 778 3976 cayedin
791 3914 918 3978 England,
933 3913 988 3963 that
999 3929 1057 3975 very
1070 3915 1120 3964 few

169 3985 229 4048 glis,
241 3985 271 4034 S.
660 3985 795 4045 priestson
806 3985 856 4033 this
868 3983 923 4034 side
940 3983 969 4032 ol
984 3984 1026 4033 the
1039 3985 1120 4034 Hum-

206 4053 322 4103 'cerei
341 4054 473 4103 literatura
493 4053 636 4115 ...ΜΞ
661 4055 705 4103 ber
722 4055 798 4102 could
820 4054 975 4104 understand
993 4054 1035 4103 the
1053 4071 1121 4104 com·

170 4125 286 4173 mutirem
304 4119 416 4192 aeaut]
434 4125 483 4173 See
495 4125 508 4186 ἡ
521 4128 577 4185 12³,
589 4139 633 4185 pp.
660 4139 717 4173 mon
735 4125 832 4173 service
847 4123 876 4172 ol
891 4124 933 4173 the
950 4125 1054 4187 chureh,
1070 4126 1120 4174 and

172 4199 230 4255 191,
243 4198 300 4242 192.
335 4194 531 4256 KingAellred,
550 4195 576 4241 in
594 4194 634 4243 his
660 4194 1120 4244 heknewnoneaouthoftheThames

169 4264 273 4326 preface
300 4268 327 4312 to
346 4264 484 4326 Gregory’s
508 4265 635 4327 Pastoral,
659 4264 718 4312 who
728 4262 804 4312 could
812 4268 912 4312 turnen
923 4265 1042 4328 ordinary
1049 4267 1121 4328 piece

170 4339 251 4385 states
270 4334 325 4383 that
343 4335 458 4396 learning
473 4350 528 4383 was
544 4350 573 4383 so
589 4334 634 4382 de-
659 4334 688 4382 of
697 4334 772 4382 Latin
783 4333 836 4382 into
847 4335 963 4396 English.
