3142 5025
226 536 296 584 nm.
316 518 367 600 v.]
460 536 573 586 onera
593 538 719 586 ancon
743 536 958 585 anonoaun.
1111 520 1177 584 645

226 691 349 757 biles.''
398 693 504 757 Dices
517 693 635 776 itaque
654 693 761 757 “Mei
775 692 840 758 hoc
852 692 943 777 juris
957 690 1044 757 est.''
1090 691 1174 757 Non

227 791 368 874 utique:
393 812 462 856 non
485 800 539 858 est
563 794 836 876 imperatorium,
858 812 928 856 non
949 793 1095 874 regium,
1111 793 1172 856 sed

225 889 402 971 divinum3
419 892 526 956 solius
540 892 633 956 illius
648 902 702 957 est
716 892 777 975 qui
785 892 881 957 dixit
893 897 916 926 “
928 891 1005 973 Ego
1020 910 1096 956 sum
1114 912 1169 956 os·

227 990 350 1055 tium.'’
401 991 503 1055 Unde
518 1011 581 1074 pro
596 992 673 1075 ipso
687 1000 722 1057 te
736 1012 834 1074 rogo,
849 992 950 1077 cujus
965 991 1029 1055 hoc
1044 1010 1169 1055 munus

226 1098 291 1167 est,
306 1097 346 1155 nt
358 1090 482 1155 reddas
496 1090 562 1155 hoc
577 1092 644 1174 ipsi
656 1112 665 1171 ;
680 1092 748 1174 ipsi
764 1092 931 1168 dimittas,
945 1090 1046 1174 eujus
1060 1091 1169 1156 amori

225 1189 330 1253 etiam
347 1209 425 1271 quae
440 1198 502 1255 tua
527 1198 609 1256 sunt
627 1191 742 1255 debes.
795 1190 872 1255 Nos
890 1197 1006 1255 autem
1022 1210 1085 1253 cur
1098 1198 1167 1255 tuae

224 1290 458 1354 obniteremur
472 1290 657 1368 voluntati,
674 1310 735 1355 cur
757 1291 1001 1355 obsisteremus
1023 1290 1166 1370 gratiae3

223 1388 292 1453 nisi
305 1389 386 1466 Dei,
400 1389 436 1453 in
452 1388 555 1474 hujus
572 1390 702 1471 negotii
716 1408 899 1467 consensu,
912 1389 1079 1453 sciremus
1103 1409 1167 1453 nos

127 1540 130 1548 r
223 1487 397 1553 voluntati
418 1489 570 1567 obviare,
596 1490 745 1571 gratiam
767 1490 952 1553 amitteret
1004 1487 1077 1552 Cur
1104 1489 1168 1553 tibi

223 1588 408 1671 quicquam
431 1608 648 1671 negaremus,
670 1589 762 1672 quod
788 1589 950 1671 cuiquam
970 1594 1064 1651 esset
1077 1606 1168 1652 mor-

222 1686 345 1753 talium
371 1688 638 1767 concedendurn,
662 1708 741 1752 cum
766 1688 934 1752 beneficia
962 1685 1007 1752 de
1031 1694 1066 1751 te
1091 1704 1166 1749 am·

221 1783 336 1870 pliora
359 1788 631 1871 smnpserimusl
683 1787 848 1870 Prospice
861 1787 929 1875 (lili
950 1784 1169 1873 charissime)

116 1928 118 1933 ·
224 1893 340 1951 utrum
360 1887 465 1952 decus
480 1906 525 1951 an
542 1887 689 1951 dedecus
707 1887 770 1951 tibi
792 1886 850 1964 sit,
867 1886 959 1970 quod
980 1886 1166 1968 sapientis·

222 1986 330 2050 simus
349 2005 390 2051 ao
408 1986 686 2069 religiosissimus
705 1986 965 2051 Gallicanorum
988 1986 1167 2068 episcopo-

222 2105 299 2149 rum
324 2084 511 2151 Anselmus
532 2094 675 2169 propter
693 2086 760 2151 hoo
779 2093 840 2150 tuo
856 2086 957 2149 lateri
978 2085 1165 2164 adhaerere,

220 2192 283 2250 tuo
297 2192 436 2250 veretur
449 2187 486 2250 in
501 2206 609 2268 regno
623 2187 823 2250 consistere.
869 2184 939 2263 Qui
956 2190 1057 2250 tanta
1073 2184 1115 2248 de
1130 2192 1166 2249 te

222 2284 314 2349 bona
338 2284 505 2350 hactenus
532 2285 725 2363 audierant,
753 2285 835 2368 quid
860 2284 903 2348 de
929 2291 964 2349 te
989 2283 1163 2349 sentienti

221 2385 304 2467 quid
321 2384 516 2468 loquentur,
534 2405 613 2449 oum
634 2384 699 2449 hoc
716 2385 821 2449 fuerit
840 2386 876 2447 in
901 2384 1099 2465 regionibus
1112 2383 1164 2446 di·

220 2484 426 2567 vulgatum?
479 2485 553 2568 Ipsi
568 2484 628 2569 qui
640 2504 756 2550 coram
772 2491 808 2550 te
824 2491 904 2549 tuos
922 2502 1087 2548 excessus
1102 2502 1164 2547 ex—

220 2585 360 2663 tollunt,
384 2605 462 2650 oum
486 2585 671 2669 praesentia
694 2594 755 2650 tna
785 2584 971 2661 caruerint,
996 2583 1063 2647 hoc
1085 2603 1165 2667 pro·

221 2684 312 2749 fecto
335 2684 483 2753 validius
512 2685 740 2750 infamabunt.
793 2684 884 2749 Redi
911 2703 994 2766 ergo
1017 2683 1165 2769 (charis-

222 2784 307 2848 sime
320 2781 389 2869 fili)
402 2785 445 2849 ad
462 2804 522 2850 eor
534 2791 633 2848 tuum
653 2793 795 2868 propter
811 2783 1080 2848 misericordiam
1097 2783 1165 2847 Dei

221 2889 257 2948 et
270 2892 411 2966 propter
422 2903 573 2949 amorem
586 2883 765 2968 Unigeniti
780 2885 1023 2967 deprecamur:
1040 2901 1166 2947 revoca

220 2992 395 3067 pastorem
414 2991 524 3062 tuum,
541 3003 666 3050 revoca
680 2991 814 3067 patrem
831 2991 951 3063 tuum3
970 2990 1005 3046 et
1022 2981 1164 3064 siquid,

220 3084 314 3167 quod
328 3103 397 3148 non
413 3084 606 3166 opinamur,
620 3078 761 3166 gravius
777 3083 947 3149 adversus
959 3089 994 3146 te
1007 3080 1165 3163 gesserit,

221 3185 252 3248 si
266 3185 491 3249 investituras
507 3190 689 3248 aversatus
704 3184 823 3261 fueris,
846 3203 909 3247 nos
920 3182 1028 3267 juxta
1042 3181 1165 3246 volun-

221 3289 330 3349 tatem
340 3291 450 3362 tuam,
465 3291 634 3367 quantum
650 3303 728 3348 cum
747 3284 824 3348 Deo
836 3301 1031 3366 possumus,
1048 3281 1165 3345 mode·

221 3383 395 3448 rabimur:
420 3390 589 3448 tutamen
604 3383 684 3447 talis
699 3382 847 3465 repulsae
861 3381 1037 3446 infamiam
1051 3399 1074 3444 a
1088 3400 1166 3463 per-

221 3502 309 3548 sona
325 3489 387 3548 tua
403 3489 438 3547 et
453 3502 561 3565 regno
580 3501 769 3547 removeas.
823 3481 912 3546 Haeo
927 3482 957 3544 si
975 3478 1109 3556 seceris,
1132 3488 1168 3545 et

221 3585 251 3648 si
269 3582 391 3664 gravia
404 3582 568 3664 quaelibet
582 3602 604 3646 a
618 3583 717 3646 nobis
731 3581 884 3664 petieris,
901 3599 979 3663 quae
994 3599 1072 3644 cnm
1089 3580 1167 3643 Deo

220 3682 366 3766 praeberi
380 3681 529 3747 facultas
552 3682 609 3761 sit,
632 3680 787 3766 proiecto
803 3678 1036 3762 consequeris,
1053 3684 1088 3741 et
1104 3698 1167 3760 pro

220 3790 256 3847 te
272 3781 459 3846 Dominum
482 3781 559 3864 ipso
579 3781 768 3866 adjuvante
782 3797 929 3844 exorare
948 3777 1167 3857 curabimus;

222 3889 257 3948 et
274 3882 317 3945 de
339 3881 493 3965 peccmis
507 3888 579 3945 tam
596 3881 659 3945 tibi
680 3899 783 3966 quam
799 3878 941 3966 conjugi
964 3885 1047 3956 tuae,
1067 3895 1169 3944 sanc-

221 3989 334 4047 torum
353 3981 590 4063 apostolorum
611 3980 756 4057 meritis,
774 3978 1026 4059 indulgentiam
1050 3983 1086 4041 et
1108 3977 1169 4064 ab·

221 4081 426 4147 solutionem
443 4078 618 4144 iaciemus.
661 4080 789 4144 Filium
805 4086 924 4143 autem
940 4085 1049 4153 tuum,
1064 4095 1166 4159 quem

221 4201 264 4245 ex
280 4179 460 4265 spectabili
475 4187 510 4243 et
524 4180 676 4262 gloriosa
691 4179 839 4264 conjuge
854 4178 1048 4260 suscepisti,
1064 4196 1166 4258 quem

225 4281 283 4368 (ut
310 4276 521 4364 audivimus)
551 4282 681 4363 egregii
714 4280 825 4362 patris
840 4278 1006 4344 Willelmi
1035 4277 1173 4343 nomine

948 4377 971 4442 2
994 4395 1016 4442 u
