3142 5025
279 3276 334 3317 Am.
345 3277 402 3317 loss.

437 506 505 570 450
668 517 782 568 casm
804 516 932 565 aucun
952 515 1168 570 auemauu.
1236 503 1322 584 [cre.
1340 519 1393 566 111.

439 678 532 742 linus
543 683 561 756 ς’
570 675 670 760 cujus
683 677 777 741 bona
793 693 911 758 opera,
924 673 1053 738 samam
1069 673 1258 751 vincentia,
1275 683 1392 740 vetus-

439 783 548 840 tatem
563 776 749 840 oblivionis
765 794 786 839 a
802 794 841 838 se
857 773 1026 856 repellent
1042 773 1209 854 quamdiu
1224 775 1275 838 ibi
1291 776 1391 839 sedes

439 874 646 957 episcopalis
676 875 837 939 durabit:
869 874 907 938 in
934 871 1062 937 cantia
1088 870 1305 941 Lanirancus
1331 874 1392 960 (de

440 994 509 1057 quo
535 993 642 1056 supra
671 971 775 1058 dixi),
810 973 872 1054 qui
906 971 988 1036 talis
1019 968 1160 1053 Angliae
1195 973 1264 1038 Dei
1300 973 1392 1040 dono

441 1068 609 1150 ¹emicuit,

512 1219 662 1300 ‘Qualis
680 1217 870 1282 discutiens
883 1216 1055 1299 fugientia
1072 1216 1212 1281 Lucifer
1224 1225 1332 1296 astra,

440 1319 442 1324 ’
592 1318 681 1383 Cum
697 1337 797 1382 roseo
814 1318 945 1382 clarum
962 1316 1123 1399 provebit
1139 1337 1199 1381 ore
1216 1317 1306 1381 diem
1319 1318 1341 1398 3’

438 1465 491 1532 ita
507 1466 616 1549 ipsius
635 1465 809 1530 industria
823 1464 1056 1530 monasticum
1072 1483 1214 1546 germen
1231 1464 1392 1543 effloruit,

439 1565 492 1632 ita
514 1585 556 1630 eo
571 1565 710 1629 vivente
725 1565 827 1646 vigor
846 1563 1057 1647 pontificalis
1082 1563 1250 1630 induruit.
1302 1564 1390 1648 Ejus

440 1663 586 1728 consilio
609 1684 673 1728 rex
697 1683 845 1747 pronum
862 1683 901 1728 se
916 1662 1059 1740 fecerat,
1086 1668 1127 1729 ut
1148 1662 1235 1729 nihil
1257 1682 1389 1744 negau-

440 1763 524 1828 dum
539 1763 681 1828 duceret
697 1763 791 1845 quod
812 1764 844 1826 is
859 1761 1055 1828 faciendum
1076 1761 1219 1828 diceret.
1271 1761 1389 1845 Ipsius

415 1917 417 1922 .
440 1863 546 1926 etiam
563 1862 716 1945 impulsu
734 1863 906 1928 ambitum
923 1862 1133 1928 nebulonum
1147 1860 1310 1943 fregerat,
1328 1863 1390 1944 qui

439 1967 607 2027 consueto
626 1979 721 2027 more
740 1961 914 2043 menapia
928 1979 994 2025 sua
1010 1959 1218 2027 Hiberniam
1231 1959 1391 2026 vendita-

440 2062 548 2126 bant:
567 2059 667 2143 cujus
683 2060 768 2126 facti
781 2061 992 2143 praeconium
1009 2060 1065 2126 cui
1080 2059 1197 2142 patim
1210 2061 1391 2141 imputem,

442 2158 639 2224 Lanfranco
660 2178 706 2226 an
722 2159 910 2225 Wulstano
922 2158 1117 2240 Wigorniee
1140 2159 1302 2236 antistiti,
1326 2179 1390 2240 pro

441 2278 612 2324 veronen
629 2259 798 2335 discerno,
814 2259 875 2340 qui
896 2277 1026 2340 regem,
1051 2277 1115 2340 pro
1137 2257 1316 2324 commodo
1332 2278 1392 2326 ve

440 2357 597 2424 nalitatis
614 2357 706 2440 quod
729 2358 796 2423 sibi
823 2357 1075 2440 pensitabatur,
1098 2357 1305 2424 renitentem
1328 2357 1391 2425 uix

440 2457 486 2523 ad
513 2456 579 2523 hoc
607 2458 797 2539 coegerint,
821 2457 889 2525 nisi
913 2455 1009 2539 quod
1033 2455 1249 2524 lanfrancus
1270 2456 1392 2526 lauda·

441 2558 531 2623 verit
555 2556 762 2623 wulstanus
787 2556 1003 2639 praeceperit,
1024 2557 1232 2623 auctoritate
1256 2558 1390 2640 episco-

441 2657 513 2737 pnli
542 2676 605 2740 pro
635 2656 848 2723 conscientia
872 2656 1069 2723 sanctitatis
1100 2656 1237 2723 abunde
1264 2658 1392 2722 exube-

441 2775 544 2835 rans;
567 2754 671 2821 homo
698 2775 768 2837 quo
790 2756 906 2822 nulus
932 2773 1086 2837 unquam
1106 2754 1247 2838 justior,
1273 2756 1390 2822 nullus

441 2862 560 2919 nostro
578 2855 695 2919 seculo
712 2874 776 2937 par
792 2855 844 2920 illi
857 2854 1056 2937 apparuerit
1069 2854 1312 2923 miraculorum
1329 2876 1392 2937 po.

440 2955 553 3021 tentia
578 2962 614 3018 et
636 2953 832 3035 prophetali
858 2954 985 3036 gratia,
1014 2972 1160 3033 quorum
1193 2954 1312 3037 aliqua
1337 2955 1391 3017 in.-

437 3052 545 3119 ,tendo
560 3051 674 3117 dicere
688 3053 861 3133 posterius
877 3053 908 3116 si
922 3058 1039 3119 tamen
1052 3052 1280 3120 sanctissimis
1290 3053 1391 3121 illius

440 3151 611 3234 placuerit
623 3152 795 3218 sensibus..

492 3250 602 3333 §m
625 3248 878 3325 Veruntamen,
894 3248 979 3331 quis
993 3248 1071 3317 alea
1087 3248 1235 3319 fortunae
1249 3250 1391 3320 incertis

435 3348 590 3432 jactibus
616 3350 781 3426 volvitur,
798 3347 914 3414 multa
943 3354 1027 3411 tunc
1047 3341 1220 3430 ²tempore
1243 3349 1392 3419 adversa

438 3467 638 3531 pervenere.
690 3442 821 3515 ³Foedn
841 3448 933 3515 inter
954 3447 1115 3511 abbatem
1137 3446 1333 3514 Glastoniae
1354 3456 1392 3517 et

439 3547 627 3613 monachos
649 3547 726 3631 ejus
750 3547 938 3622 discordia,
963 3545 1015 3609 ita
1040 3551 1081 3609 ut
1108 3553 1189 3627 post
1205 3548 1390 3616 uerborum

437 3646 518 3713 lites
536 3647 580 3714 ad
597 3666 696 3715 arma
710 3654 854 3712 ventum
875 3645 933 3711 sit.
985 3643 1109 3710 Coacti
1125 3664 1209 3726 ergo
1224 3645 1317 3715 intra
1329 3666 1392 3713 ec·,

475 3886 630 3958 measa]
652 3889 687 3942 s.
703 3891 732 3941 s.
751 3890 786 3941 n.
805 3890 838 3939 n.
855 3890 903 3949 n.;
928 3886 955 3933 a
975 3885 1020 3935 ee
1035 3900 1099 3947 yar
1116 3856 1190 3934 ross.
1225 3884 1251 3932 rt
1266 3896 1348 3933 aens
1363 3889 1391 3933 a

439 3960 569 4021 apparuit,
582 3962 612 4011 0.
927 3956 992 4005 bare
1025 3955 1110 4003 arisen
1143 3954 1208 4035 from
1242 3952 1285 4002 the
1312 3955 1390 4035 abbot

474 4056 632 4125 wemma]
654 4059 689 4111 r.
704 4061 734 4111 c.
750 4058 785 4111 n.
802 4060 836 4109 n.
853 4059 902 4120 ar
925 4021 1391 4155 ffiffiwaffffiinifoutssuffi

438 4130 567 4191 ‘emm’
579 4129 608 4179 S·
925 4162 1057 4225 Fescamp,
1075 4162 1175 4210 instead
1186 4127 1224 4209 'ol
1236 4160 1278 4209 the
1291 4161 1389 4225 Grego-

473 4225 484 4259 ⁸
503 4228 580 4277 Foedd
600 4262 646 4279 ..·
664 4224 809 4297 discordia]
838 4230 900 4279 This
924 4232 989 4294 rien,
1010 4236 1036 4280 io
1057 4231 1143 4279 Which
1158 4231 1202 4279 the
1224 4231 1315 4281 monh
1335 4232 1387 4281 llud

437 4297 593 4361 disgraceful
610 4300 752 4348 contentiori
765 4299 900 4361 happened
923 4299 1168 4351 bernacenstomed.
