3142 5025
417 504 485 572 704
709 520 883 569 hieronis
905 520 1084 569 novenni.
1241 507 1329 589 [nin.
1344 523 1370 571 1.

417 697 516 760 sum;
537 685 610 761 'spe
634 675 767 741 scilicet
790 681 914 758 captus
933 676 1148 759 amplissima
1172 678 1266 760 quod
1292 677 1371 743 Ste-

419 778 556 860 phanus
588 777 645 841 avi
673 776 729 839 sui
755 774 923 842 Willelmi
947 776 985 855 in
1009 777 1109 859 regni
1137 777 1372 842 moderamine

419 896 533 943 mores
558 881 724 952 sonaret,
746 874 989 958 praecipueque
1011 875 1049 939 in
1075 875 1301 943 ecclesiastici
1316 878 1371 942 vi-

419 978 514 1058 goris
547 975 742 1057 disciplina.
808 971 1032 1057 Quapropter
1062 975 1221 1041 districto
1251 995 1370 1042 sacrae

418 1082 548 1153 mento,
579 1074 672 1158 quod
705 1093 727 1141 a
756 1071 935 1156 Stephano
958 1072 1156 1139 willelmus
1184 1074 1370 1142 (lauthari-¹

416 1176 510 1239 ensis
525 1174 805 1257 archiepiscopus
828 1173 948 1255 exegit
964 1172 1008 1237 de
1020 1174 1181 1239 libertate
1196 1174 1372 1241 reddenda

419 1273 574 1339 ecclesiae
598 1280 634 1337 et
650 1272 901 1349 conservanda,
918 1273 1102 1355 episcopus
1117 1272 1371 1339 Wintoniensis

417 1392 457 1445 se
472 1373 696 1440 mediatorem
712 1378 748 1436 et
760 1370 885 1435 vadem
900 1373 1074 1454 apposuit.
1126 1372 1237 1455 cujus
1251 1392 1368 1438 sacra·

420 1473 525 1537 menti
549 1480 716 1548 tenorem,
732 1476 855 1553 postea
879 1471 1010 1553 scripto
1031 1471 1191 1551 inditum,
1205 1472 1284 1538 loco
1304 1492 1369 1537 suo

419 1590 489 1635 non
504 1570 779 1655 praetermittam.

476 1759 534 1807 ’ΒΕ
557 1758 812 1808 ΟΟΒΟΝΔΤῙΟΝΕ
836 1759 940 1809 REGIS
963 1761 1158 1824 STEPHANI,
1181 1763 1225 1810 ET
1251 1765 1299 1812 ΒΕ

752 1860 915 1908 Mottiana
938 1861 1035 1909 mua.

257 1984 367 2047 sarno.
470 1966 556 2051 §la
580 1966 777 2032 Coronatus
803 1976 858 2032 est
873 1988 957 2050 ergo
977 1969 1015 2032 in
1034 1989 1152 2051 regem
1171 1970 1367 2054 Stephanus

255 2041 384 2126 {illim
418 2063 557 2149 Angliae
576 2061 773 2133 ¹undecimo
798 2066 966 2132 kalendas
981 2067 1005 2133 J
1007 2071 1156 2147 anuarii,
1172 2071 1367 2150 Dominica,

257 2137 311 2176 ro.
324 2139 379 2177 ¹¹³⁵'
418 2166 527 2231 tribus
540 2168 716 2250 ,episcopis
730 2168 973 2249 praesentibus,
984 2168 1255 2253 archiepiscopo,
1268 2169 1369 2235 Win-

417 2268 579 2343 toniensi,
611 2266 864 2353 Salesbiriensi,
885 2266 990 2331 nullis
1012 2269 1208 2347 abbatibus,
1230 2271 1367 2353 paucis·

417 2366 513 2429 simis
528 2367 763 2449 optimatibus,
781 2366 947 2431 vicesima
967 2367 1120 2431 secunda
1139 2369 1195 2432 die
1211 2377 1292 2452 post
1305 2390 1367 2433 ex·

415 2484 552 2534 ‚cessum
576 2466 752 2545 avunculi,
776 2474 869 2531 anno
896 2466 1089 2532 Dominicae
1119 2469 1367 2536 incarnationis

418 2565 599 2632 millesimo
615 2567 803 2631 centesimo
827 2566 1001 2630 tricesimo
1027 2568 1157 2649 quinto.
1209 2569 1277 2634 Vir
1289 2572 1366 2653 qui-

416 2664 495 2734 dem
511 2666 659 2748 impiger
673 2665 734 2730 sed
745 2660 879 2730 ²minus
893 2665 1061 2747 prudens,
1072 2668 1178 2732 armis
1192 2675 1366 2747 strenuus,

417 2764 590 2828 immodici
619 2765 726 2829 animi
755 2765 801 2828 ad
827 2766 992 2848 quaelibet
1022 2767 1133 2831 ardua
1159 2767 1366 2847 inchoanda,

416 2863 502 2928 lenis
524 2871 560 2929 et
589 2865 775 2929 exorabilis
804 2864 974 2942 hostibus,
1003 2865 1154 2931 affabilis
1184 2869 1342 2933 omnibus
1354 2890 1364 2954 ς

417 2962 516 3044 cujus
540 2982 619 3026 cum
644 2963 859 3028 dulcedinem
882 2965 919 3027 in
950 2967 1130 3047 promissis
1157 2968 1365 3051 suspiceres,

416 3061 598 3125 veritatem
619 3069 736 3126 tamen
752 3049 923 3127 dictorum
937 3071 974 3129 et
989 3067 1234 3148 promissorum
1251 3066 1365 3132 effica-

415 3160 504 3222 ciam
538 3159 769 3240 desiderares3
808 3162 898 3226 unde
927 3163 1046 3227 fratris
1077 3165 1258 3230 consilium
1293 3186 1364 3233 non

414 3259 524 3324 multo
548 3267 626 3343 post
642 3261 740 3344 lapso
759 3269 913 3345 tempore
936 3265 1179 3346 postponebat,
1193 3266 1293 3349 cujus
1306 3267 1364 3352 (ut

414 3357 502 3449 dixi)
521 3361 652 3425 auxilio
678 3363 846 3439 munitus,
869 3369 906 3426 et
923 3361 1149 3429 adversantes
1168 3371 1363 3438 summoves

411 3466 480 3536 rat,
495 3467 530 3524 et
544 3461 588 3525 ad
603 3479 746 3544 regnum
759 3460 975 3526 ascenderat.

278 3700 297 3739 D
584 3644 632 3691 nn
654 3617 875 3692 nounrronn
898 3641 1004 3690 nocis
1028 3642 1191 3691 saunier.

248 3701 398 3803 hallia,
462 3751 479 3836 ξ
497 3752 551 3818 13.
574 3751 679 3817 Anno
695 3752 888 3817 Dominicae
905 3745 1362 3817 incarnationis⁸millesimo

250 3803 349 3841 removed
357 3806 379 3843 to

248 3850 351 3904 Englend.

408 3989 872 4111 populace...]
898 3957 1052 4092 uellit.
1067 3963 1363 4095 mittit:

526 4069 605 4126 Jonty
627 4065 657 4112 oi
682 4069 872 4127 contemporary
931 4098 943 4131 ⁸
953 4101 995 4148 Μ,
1043 4100 1049 4112 ,

985 4101 1087 4149 ollem
1102 4103 1230 4151 mteeim
1240 4103 1361 4152 tricem

895 4175 974 4231 sexto,
982 4171 1087 4234 poam]
1100 4172 1132 4220 Ε.
1142 4173 1165 4220 L
1173 4176 1197 4223 2.
1208 4189 1217 4235 ς
1227 4173 1361 4223 millesimo

895 4241 1032 4359 {ortgrimo
1054 4243 1182 4291 uicesimo
1210 4245 1307 4308 quinto,
1329 4245 1359 4295 S.

407 4133 506 4181 writers
517 4137 581 4182 stato
592 4133 647 4182 that
657 4135 790 4204 Stephen’e
801 4150 871 4184 coro-

406 4203 491 4252 nation
513 4203 572 4252 took
594 4205 667 4268 place
689 4221 722 4254 on
744 4205 786 4256 the
809 4205 870 4255 loth

405 4271 554 4322 December.
602 4271 603 4278 ’
