3142 5025
228 518 389 600 ms.m.]
455 536 569 584 easra
595 536 722 585 nacon
746 537 963 584 auctores.
1113 521 1181 584 ate

227 693 376 774 pecunia
388 712 461 757 non
475 701 595 775 posset
606 713 735 775 regere.
788 694 873 759 Non
893 702 949 758 est
969 693 1026 758 bic
1046 692 1180 776 aliquid

229 785 341 858 ¹aliud
362 794 598 858 excusationis
611 794 705 876 quod
727 793 881 872 afferam,
895 793 964 858 nisi
985 792 1079 876 quod
1100 795 1179 876 qui·

226 892 309 956 dam
330 891 434 970 dixit,
446 898 457 926 ‘
469 892 622 958 Necesse
640 901 695 958 est
718 900 759 958 ut
779 895 907 958 multos
928 895 1063 970 timeat,
1075 913 1179 975 quem

229 992 332 1056 multi
343 992 488 1057 timent'
539 992 635 1056 Nam
650 994 721 1070 ille,
733 1011 798 1075 pro
811 994 936 1059 timore
947 994 1178 1072 inimicorum,

227 1092 425 1173 provincias
439 1111 522 1156 suas
535 1094 684 1175 pecunia
696 1096 917 1175 emungebat,
935 1112 1006 1175 qua
1025 1094 1178 1175 impetus

229 1211 348 1256 eorum
360 1192 419 1258 vel
431 1192 585 1257 tardaret
597 1192 654 1257 vel
666 1193 771 1256 etiam
787 1193 1008 1276 propelleret,
1021 1210 1177 1275 persaepe

227 1299 270 1355 ut
297 1290 337 1355 fit
360 1291 398 1354 in
420 1292 524 1356 rebus
545 1291 706 1356 humanis
727 1293 859 1357 viribus
887 1293 1047 1368 cassatis,
1074 1291 1177 1356 tidem

227 1390 389 1456 hostilem
417 1391 562 1473 praemio
589 1393 817 1474 pigneratus:
848 1399 974 1473 regnat
998 1391 1113 1454 adhuc
1140 1398 1177 1456 et

226 1490 338 1554 indies
361 1499 510 1572 augetur
524 1490 667 1575 hujusce
681 1491 860 1556 dedecoris
879 1491 1072 1568 calamitas,
1086 1496 1128 1553 ut
1140 1498 1178 1554 et

229 1590 322 1654 villae
336 1597 373 1653 et
387 1591 542 1655 ecolesiae
559 1591 780 1673 pensionibus
793 1597 1056 1673 supponantur3
1081 1597 1118 1653 et
1131 1609 1176 1653 ne

227 1688 293 1754 hoc
316 1690 455 1772 quidem
485 1697 653 1772 perpetua
681 1697 885 1755 exactorum
906 1689 986 1766 fide,
1012 1689 1075 1752 sed
1098 1690 1176 1770 qui·
1223 1760 1229 1769 ‚

227 1808 366 1871 cunque
384 1789 464 1871 plns
487 1789 663 1866 obtulerit,
677 1791 810 1866 statim,
823 1791 937 1872 pactis
952 1788 1060 1853 irritis
1081 1789 1176 1870 prio·

227 1890 336 1965 ribus,
349 1889 501 1970 palmam
517 1888 655 1954 babeat.

280 1987 298 2070 §
319 1986 398 2052 281.
421 1987 589 2052 Extremo
609 1988 692 2052 vitae
718 1995 874 2069 tempore
893 1987 932 2051 in
957 1986 1282 2074 Normanniawnnn

226 2087 402 2164 habitans,
416 2089 605 2152 contractis
619 2088 808 2152 inimicitiis
826 2107 906 2151 cum
923 2106 1007 2169 rege
1021 2087 1173 2151 Franco·
1186 2061 1285 2172 Ἢ

226 2207 315 2263 rum,
339 2186 590 2270 aliquantisper
611 2207 650 2251 se
673 2188 864 2266 continuit;
900 2187 1002 2270 cujus
1026 2161 1273 2251 abutensir'i‘eg.

225 2287 408 2369 patientia,
430 2287 614 2369 Philippus
636 2286 746 2352 sertin
761 2286 903 2362 dixisse,
916 2285 1019 2350 ‘Rex
1034 2285 1174 2366 Angliae

220 2386 319 2469 jacet
333 2385 535 2468 Rotomagi,
558 2405 654 2451 more
675 2385 913 2450 absolutarum
933 2393 1037 2466 partu
1061 2384 1174 2448 foemi·

227 2505 351 2550 narum
381 2485 494 2551 cubile
522 2485 667 2563 fovens,'
685 2486 827 2571 jocatus
854 2485 892 2549 in
916 2484 993 2569 ejus
1018 2491 1175 2549 ventrem

225 2606 330 2668 quem
350 2586 492 2668 potione
512 2587 702 2651 alleviarat
755 2585 838 2665 Quo
858 2585 1074 2668 praestrictus
1091 2604 1176 2649 con·

226 2687 325 2763 vitio,
350 2686 541 2768 respoudit,
564 2685 743 2751 ‘Cum'ad
767 2687 909 2749 missam
933 2690 1014 2767 post
1035 2690 1175 2766 partum

225 2786 312 2861 iero,
325 2778 482 2849 'centnm
496 2786 605 2849 millia
617 2785 780 2849 candelas
789 2786 822 2849 ei
835 2786 952 2851 libabo
961 2784 983 2862 3'
992 2783 1079 2848 talia
1096 2788 1176 2866 ‘per

226 2885 511 2949 resurrectionem
535 2893 572 2949 et
593 2884 811 2967 splendorem
836 2883 915 2947 Dei'
929 2883 1176 2966 pronuncians,

225 2984 320 3065 quod
342 2984 470 3049 soleret
486 3004 529 3047 ex
544 2983 714 3049 industria
729 2984 815 3048 talia
831 2990 1050 3048 sacramenta
1062 2982 1176 3045 facere

226 3102 305 3165 quae
313 3084 391 3166 ipso
402 3077 518 3149 ’hiatu
531 3084 601 3148 oris
613 3084 801 3149 terrificum
809 3082 973 3165 quiddam
980 3082 1178 3147 auditorum

225 3183 400 3247 mentibus
413 3184 626 3249 insonarent.

279 3282 386 3366 §282
412 3282 489 3347 Nec
511 3282 622 3347 multo
641 3290 734 3365 post,
747 3280 910 3363 Augusto
933 3299 1051 3345 mense
1070 3279 1176 3345 decli·
1189 3295 1337 3343 nawense

227 3390 346 3459 nante,
363 3381 503 3464 qnando
517 3389 553 3447 et
567 3388 704 3464 segetes
724 3381 760 3445 in
781 3381 890 3462 agris,
902 3387 938 3445 et
959 3380 1051 3444 botri
1072 3380 1110 3442 in
1122 3379 1176 3443 vi·

228 3482 315 3559 neis,
330 3489 367 3545 et
380 3500 484 3564 poma
499 3482 537 3545 in
551 3480 736 3558 vindonis,
757 3481 894 3562 copiam
913 3480 969 3542 sui
983 3479 1178 3565 volentibus

264 3766 272 3796 ¹
284 3767 385 3832 stim]
404 3769 435 3819 0.
444 3767 479 3819 D.
488 3767 522 3819 Ε.
531 3783 539 3829 ;
549 3764 654 3815 omitted
664 3765 691 3813 in
713 3763 813 3827 lighted
823 3768 896 3825 taper
911 3764 938 3811 iu
954 3764 999 3812 ber
1009 3762 1087 3824 hand,
1096 3767 1124 3812 at
1134 3762 1177 3813 the

229 3837 263 3888 A.
276 3838 349 3889 Μ.
714 3834 810 3883 ehureh
821 3832 891 3895 door,
900 3832 987 3881 where
1005 3832 1176 3893 sbeissprin-

264 3904 606 3957 ¹Gentsnmittiacsndelas
622 3902 646 3952 ei
661 3904 692 3952 li·
714 3902 850 3953 kledwitla
863 3901 1177 3964 helymaeendnste-

228 3972 310 4045 tam]
339 3976 465 4037 Alluding
483 3979 509 4024 to
529 3975 573 4024 the
594 3978 692 4022 eustom
714 3972 952 4022 wardseonducted
961 3971 1175 4022 intotlaecburch.

229 4045 503 4097 womenlradinthose
514 4044 578 4105 days
586 4042 692 4092 ofoffer·
714 4042 768 4091 The
795 4042 907 4103 practice
933 4056 1014 4091 seems
1039 4041 1178 4090 connected

228 4118 274 4178 ing
292 4116 390 4177 lighted
412 4114 516 4164 caudles
534 4113 609 4162 when
632 4112 692 4173 they
716 4112 778 4160 with
798 4112 840 4161 the
857 4111 959 4160 festival
974 4111 1004 4159 οἱ
1016 4112 1059 4159 the
1082 4112 1178 4160 Purifi-
1282 4170 1289 4179 Ι

227 4200 296 4235 were
313 4185 451 4234 charebed.
478 4184 529 4234 Mr.
536 4183 633 4243 Sharpe
649 4184 693 4230 ob·
716 4182 800 4230 eation
810 4197 818 4241 3
828 4197 854 4230 v.
865 4181 982 4242 Durand,
992 4181 1038 4230 lib.
1049 4194 1098 4231 vu.
1109 4195 1133 4230 c.
1145 4180 1180 4231 t!

230 4269 326 4316 serves,
346 4254 416 4303 ‘The
436 4253 541 4303 Romislr
562 4251 640 4301 natal
655 4252 694 4300 di·
751 4248 884 4314 ’flian
908 4251 1058 4310 c.1>.13.;
1080 4251 1180 4313 babitu,

228 4331 295 4375 recta
306 4325 349 4374 the
361 4338 461 4374 women
471 4328 497 4373 to
508 4323 593 4384 kneel,
602 4321 665 4372 with
676 4336 693 4371 a
719 4320 765 4381 ἃς
781 4320 874 4383 halitu,
885 4322 930 4381 L.;
946 4321 1023 4383 ricta,
1034 4320 1067 4370 A.
