3142 5025
411 526 478 590 578
632 541 746 590 caera
769 541 896 588 aucun
921 540 1133 588 suenonuu.
1208 525 1294 606 [nra.
1314 541 1364 588 rv.

253 716 350 756 aur-u
414 704 486 774 ten,
508 697 551 760 de
577 715 646 779 qua
669 691 752 760 ¹fuit
774 691 928 761 ²Paulus
953 695 1239 774 samosathenus,
1262 698 1363 780 cujus

252 767 404 857 mirere
414 795 572 861 haeresim
587 797 803 864 confirtatam
814 790 867 859 ³in
879 796 1026 890 historia
1040 797 1183 861 Eusebii
1197 797 1292 878 leget
1302 797 1364 878 qui

414 896 528 960 volet:
551 895 641 960 hanc
661 897 779 972 ctiam,
796 897 827 960 si
841 897 928 959 bene
942 897 1093 960 occurrit
1108 897 1295 972 memoriae,
1312 895 1365 959 di-

415 995 463 1058 cit
477 995 501 1058 J
503 996 654 1078 osephns
670 996 846 1059 obsedisse
860 993 1052 1059 Antonium
1066 995 1206 1078 quando
1223 997 1267 1060 ad
1284 1014 1364 1059 eum

417 1093 578 1159 Herodes
590 1096 695 1159 venit.
742 1093 863 1178 Hujus
877 1095 984 1176 igitur
1000 1095 1094 1158 urhis
1108 1095 1232 1158 incolae
1243 1094 1363 1171 Turci,

415 1194 476 1276 qui
497 1195 599 1275 primi
623 1194 772 1258 fuissent
795 1195 831 1257 in
856 1194 1010 1258 Francos
1036 1195 1192 1258 audaciae
1218 1193 1364 1257 incenti-

415 1313 509 1370 vum,
526 1294 627 1375 primi
641 1293 844 1357 defectionis
857 1293 983 1356 dedere
999 1294 1204 1376 auspicium.
1238 1294 1365 1376 Itaque

415 1391 650 1469 Baldewinus,
665 1400 741 1457 tuto
757 1392 925 1456 Edessam
948 1394 1164 1474 perveniens,
1180 1387 1286 1456 *nihil
1308 1394 1363 1456 in-

415 1489 520 1555 ferius
533 1512 636 1574 quam
653 1492 817 1574 sperabat
828 1492 980 1572 invenit3
1005 1499 1134 1556 namet
1148 1487 1364 1556 ⁵invitatoris

415 1590 558 1672 profuso
578 1591 698 1655 favore
723 1598 917 1673 susceptus,
942 1597 978 1654 et
1004 1611 1074 1655 non
1105 1599 1186 1674 post
1214 1591 1362 1655 multum

415 1695 565 1771 tempus,
590 1690 651 1754 illo
674 1709 696 1754 a
718 1690 858 1772 perfidis
883 1691 1017 1754 civibus
1041 1691 1223 1767 dilaniato,
1247 1691 1363 1772 legiti-

415 1806 509 1850 mum
535 1789 630 1852 urbis
654 1789 820 1853 ducatum
843 1788 1002 1871 adeptus,
1016 1797 1092 1854 toto
1114 1798 1268 1873 tempore
1293 1809 1364 1872 quo

417 1887 544 1951 Franci
560 1887 652 1970 apud
669 1887 893 1952 Antiochiam
910 1897 946 1953 et
962 1888 1211 1973 lerosolymam
1227 1889 1364 1953 labora·

414 1994 540 2050 verunt
563 2007 634 2052 non
656 1988 819 2051 immunis
843 1988 1012 2052 bellorum
1034 1987 1112 2066 suit,
1126 1988 1364 2070 frequentibus

257 2101 397 2142 nomae
415 2084 605 2150 assultibus
619 2086 737 2151 hostes
750 2088 961 2152 contristans
977 2105 1070 2151 suos.
1122 2087 1172 2152 At
1186 2107 1268 2152 vero
1286 2087 1364 2151 No·

254 2151 347 2240 ‘m'
416 2186 546 2250 vembri
568 2206 686 2250 mense
709 2186 907 2250 admonitus
935 2205 957 2249 a
980 2187 1185 2250 Boamundo
1210 2187 1366 2269 principe

415 2284 612 2350 Antiochiae
626 2293 667 2349 ut
686 2285 753 2349 iter
769 2285 992 2367 lerosolymae
1004 2285 1080 2369 jam
1095 2286 1235 2350 tandem
1258 2305 1364 2367 expe·

416 2385 576 2461 urentur,
591 2384 838 2467 profectionem
853 2384 1067 2468 composuit;
1085 2385 1366 2468 propulsatisque

416 2485 492 2549 solo
514 2484 653 2549 candidi
665 2485 788 2549 vexilli
803 2485 881 2550 visu
898 2483 1008 2570 (quod
1029 2485 1164 2567 insigne
1184 2485 1221 2549 in
1244 2485 1365 2567 praelio

417 2582 584 2669 habebat)
608 2583 744 2661 Turcis,
768 2586 829 2668 qui
855 2593 994 2667 sperato
1022 2584 1098 2668 ejus
1125 2585 1279 2649 discessu
1301 2604 1365 2667 pa-

417 2702 491 2746 cem
517 2683 691 2760 laeserant,
719 2703 741 2746 a
765 2684 891 2748 dextra
915 2683 1113 2765 relinquens
1129 2683 1364 2760 Antiochiam,

415 2782 512 2845 venit
529 2782 740 2847 Laodiciam.
794 2783 851 2848 lbi
866 2783 1075 2848 liberalitate
1094 2780 1282 2847 Raimundi
1306 2802 1365 2846 co-

358 2930 361 2936 .
415 2881 522 2955 mitis,
547 2882 607 2964 qui
627 2882 660 2945 ei
682 2882 816 2947 civitati
837 2883 1110 2965 principabatur,
1134 2883 1229 2945 tenui
1254 2882 1366 2964 pretio

416 2977 656 3044 sufficientiam
683 2982 784 3062 stipis
819 2989 1004 3058 mercatus
1039 2980 1178 3046 Gibello
1217 2982 1365 3045 transito

416 3078 612 3142 recentibus
636 3080 793 3161 vestigiis
826 3079 1068 3143 Boamundum
1098 3082 1276 3144 insecutus
1299 3087 1365 3157 est,

417 3178 476 3259 qui
502 3196 581 3240 eum
605 3177 685 3240 fixis
711 3179 869 3242 tentoriis
896 3180 1127 3261 operiebatur.
1179 3179 1307 3243 Junxit
1328 3199 1367 3243 sc

415 3295 493 3339 cum
517 3277 568 3340 eis
587 3278 827 3342 communione
840 3278 907 3341 viae
924 3278 1113 3343 Daibertus
1138 3278 1289 3343 Pisanus
1311 3298 1367 3341 ar·

452 3540 459 3571 ¹
469 3536 552 3611 Fata]
560 3544 594 3594 A.
602 3544 631 3595 S.
640 3543 670 3593 C.
679 3543 745 3594 D.li
754 3548 778 3593 2.
788 3561 795 3605 3
806 3545 880 3593 omit·
906 3544 946 3591 hie
958 3558 1000 3592 see
1011 3544 1037 3590 in
1048 3547 1096 3592 2⁷⁰
1116 3544 1150 3604 by
1161 3542 1203 3590 the
1215 3547 1331 3591 sentence
1343 3542 1372 3591 of

415 3612 562 3663 tedinEl.
905 3613 991 3674 eighty
1013 3612 1127 3674 bishope‚
1151 3612 1201 3659 and
1229 3612 1368 3672 altogether

447 3679 565 3731 tereto
582 3682 791 3745 Samosatam]
811 3683 879 3731 Paul
905 3682 1027 3743 deprived
1038 3682 1067 3730 of
1081 3682 1122 3730 his
1137 3680 1207 3729 office
1226 3682 1253 3729 in
1269 3684 1317 3729 274
1335 3682 1370 3743 hy

415 3751 445 3801 of
460 3752 602 3810 Samosata,
615 3752 706 3814 biehop
723 3752 879 3812 oiAntioch,
905 3751 1038 3799 Aurelian.
1076 3749 1236 3816 (Mosheim’s
1269 3750 1370 3802 aceles.

416 3821 487 3871 Am.
496 3826 554 3871 26⁰.
571 3821 613 3871 He
621 3836 676 3870 was
687 3824 768 3870 better
774 3820 879 3882 pleased
907 3821 976 3869 Hist.
988 3822 1037 3869 vol.
1050 3834 1068 3868 1.
1081 3836 1107 3882 p.
1119 3824 1178 3881 ⁷02,
1188 3816 1248 3882 hc.)

416 3892 480 3939 with
490 3891 532 3940 the
543 3892 597 3940 title
609 3890 808 3941 ofDucenariue
819 3889 879 3938 than
941 3887 994 3938 ’la
1013 3890 1117 3938 boterio
1131 3883 1255 3955 Eusebia]
1275 3889 1369 3939 Euseb.

417 3961 481 4008 with
501 3959 600 4009 thalos
620 3960 726 4023 Bishop.
762 3960 814 4008 His
835 3960 879 4008 he·
907 3959 977 4007 Hist.
989 3960 1138 4008 Ecclesiast.
1147 3959 1193 4007 lib.
1205 3972 1252 4009 vn.
1264 3972 1288 4005 c.
1299 3962 1340 4007 30.

416 4043 485 4091 resy,
499 4029 554 4079 like
569 4030 642 4079 those
661 4029 690 4078 of
709 4030 809 4078 Noetus
828 4030 879 4077 and
940 4026 951 4059 ⁴
964 4028 1037 4078 Nihil
1053 4028 1156 4087 tryferius
1172 4042 1244 4091 quom
1259 4028 1372 4091 sperabat

417 4098 545 4147 Sabellius
563 4099 590 4147 in
606 4100 650 4149 the
671 4113 741 4148 same
763 4104 880 4161 century,
906 4093 1022 4164 inaruit]
1042 4098 1071 4147 S.
1083 4098 1118 4146 D.
1131 4098 1181 4157 E.;
1204 4096 1268 4145 nihil
1286 4098 1371 4145 minue

415 4168 509 4216 tended
530 4173 557 4216 to
578 4168 704 4218 coniound
724 4169 767 4217 the
786 4173 879 4229 myste-
905 4167 1210 4228 promissiedesideravit,
1223 4166 1254 4214 L.

416 4236 486 4285 mous
508 4236 653 4287 ffietincfim
679 4238 709 4286 oi
728 4237 770 4287 the
793 4238 877 4286 divine
939 4230 1131 4304 ‘lassator-a]
1149 4236 1182 4285 A.
1197 4238 1226 4285 C.
1236 4235 1270 4284 D.
1280 4235 1312 4284 E.
1322 4236 1369 4295 L.;

416 4320 530 4366 persons.
566 4306 806 4368 Hewasdegraded
814 4306 877 4356 from
904 4306 1064 4369 invitatoriis,
1074 4307 1104 4356 S.
