3142 5025
212 511 281 561 cre.
301 496 350 577 v.]
441 513 554 563 casm
578 516 705 564 aenou
729 516 943 566 suononuu.
1095 500 1162 566 635

211 687 409 733 communes
427 662 510 733 ¹loci
526 669 570 733 ad
586 670 776 752 quamlibet
791 677 925 753 partem
947 670 1077 733 inflecti
1095 690 1159 752 pro

210 767 372 831 facundia
389 762 566 846 ²oratoris,
589 771 781 851 praesertim
804 789 883 834 cum
909 789 978 833 non
1003 777 1157 833 contem·

210 873 314 930 natur
333 868 531 950 eloquentia
551 887 656 950 quam
679 870 833 950 pretiosa
856 869 1021 933 condiunt
1039 870 1155 933 xenia.

211 964 258 1029 Et
277 973 317 1030 ut
333 967 419 1030 nihil
436 967 621 1031 cumulatae
643 987 779 1049 pompae
795 968 941 1045 deesset,
957 968 1158 1031 adolescen-

210 1065 302 1127 tulos
317 1065 498 1129 clarissimi
512 1067 660 1147 generis
671 1068 760 1130 filios
774 1067 911 1131 comitis
919 1067 962 1129 de
974 1066 1154 1145 Mellento,

208 1169 249 1225 ut
275 1171 397 1228 contra
428 1165 621 1229 cardinales
648 1165 691 1229 de
716 1165 898 1229 dialectica
924 1166 1154 1247 disputarent,

208 1262 429 1327 subornavit:
447 1283 593 1345 quorum
604 1264 778 1327 tortilibus
793 1265 1063 1346 sophismatibus
1076 1284 1154 1327 cum

209 1353 414 1425 ⁸vivacitate
426 1362 599 1426 rationum
616 1363 737 1426 obsisti
752 1364 922 1445 nequiret,
937 1383 1007 1427 non
1030 1363 1155 1446 puduit

208 1459 399 1525 cardinales
422 1460 588 1538 confiteri,
609 1461 733 1544 maJori
758 1461 921 1527 occiduas
943 1462 1065 1544 plagas
1090 1462 1152 1526 flo-

208 1577 283 1621 rere
296 1558 472 1623 literarum
488 1559 613 1642 peritia
624 1578 727 1642 quam
742 1560 809 1642 ipsi
826 1559 1005 1624 audissent
1017 1561 1073 1625 vel
1088 1581 1153 1643 pu-

207 1664 341 1721 tassent
364 1659 400 1721 in
425 1660 551 1741 patria.
604 1658 731 1740 Itaque
756 1658 833 1723 hacc
852 1659 1037 1723 collocutio
1060 1659 1154 1723 huno

208 1756 311 1819 finem
337 1758 492 1833 emeruit,
506 1765 547 1821 ut
569 1758 814 1839 pronunciaret
832 1758 1045 1840 apostolicus
1066 1758 1153 1823 nihil

208 1852 402 1935 Anglorum
426 1855 518 1937 regis
547 1873 654 1919 cansa
681 1856 825 1937 justius,
855 1855 1039 1939 prudentia
1068 1857 1153 1921 emi·

208 1954 358 2031 nautius,
374 1953 536 2019 facundia
549 1954 700 2019 uberius.

257 2052 366 2135 §aba
391 2052 528 2117 Horum
551 2072 735 2134 puerorum
754 2060 855 2135 pater
873 2060 949 2117 erat
971 2073 1085 2119 comes
1109 2055 1291 2119 demutor

208 2150 376 2215 Mellento
405 2152 581 2217 Robertus
603 2150 662 2237 (ut
682 2148 788 2235 dixi),
812 2151 903 2216 filius
933 2152 1078 2234 Rogerii
1108 2124 1267 2217 deil’hbifn

213 2249 312 2315 Bello
328 2250 451 2315 Monte
467 2252 526 2334 qui
544 2250 737 2314 Pratellum
759 2252 954 2314 coeuobium
977 2251 1151 2315 Norman·
1163 2223 1267 2262 mm

207 2350 275 2413 niae
302 2352 517 2414 construxit:
552 2350 655 2414 homo
681 2350 835 2432 antiquae
856 2349 1088 2431 simplicitatis
1116 2358 1152 2415 et

207 2448 299 2526 fidei,
316 2450 387 2533 qui,
410 2450 531 2514 crebro
550 2470 572 2514 a
586 2448 763 2514 Willelmo
785 2448 896 2530 primo
921 2449 1089 2514 invitatus
1111 2457 1152 2515 ut

206 2545 371 2630 Angliam
395 2551 541 2625 veniret,
563 2549 671 2630 largis
698 2548 742 2611 ad
770 2548 985 2612 voluntatem
1012 2568 1150 2632 posses-

205 2647 360 2712 sionibus
385 2648 631 2725 muuerandus,
660 2647 877 2730 supersedit3
903 2649 1150 2729 pronuncians,

204 2754 343 2827 patrum
357 2767 498 2812 suorum
519 2745 757 2812 haereditatem
774 2766 812 2809 se
829 2746 919 2809 velle
934 2745 1063 2825 fovere,
1079 2767 1151 2810 nou

204 2847 453 2910 transmarinas
478 2854 514 2911 et
543 2846 715 2910 indebitas
741 2845 978 2928 possessiones
1001 2847 1056 2910 vel
1087 2865 1150 2928 ap·

203 2950 321 3024 petere
352 2946 408 3008 vel
438 2945 611 3011 invadere.
665 2944 737 3008 Hic
767 2945 855 3008 duos
882 2944 972 3007 fihos
1004 2945 1148 3025 habuit3

204 3042 398 3107 Robertum
415 3043 532 3122 istum,
547 3051 583 3108 et
599 3042 803 3108 Henricum.
844 3042 1019 3107 Henricus
1033 3063 1149 3108 comes

204 3140 464 3220 warwicensis,
482 3144 593 3206 dulcis
608 3149 643 3206 et
660 3143 768 3225 quieti
792 3143 897 3206 animi
914 3142 979 3220 vir,
995 3162 1149 3224 congruo

204 3241 277 3304 suis
293 3241 445 3305 moribus
462 3229 700 3306 studio'vitam
717 3241 791 3322 egit
806 3248 842 3304 et
856 3241 993 3305 clausit.
1035 3240 1149 3319 Alter,

204 3342 354 3404 astutior
368 3347 403 3403 et
412 3333 426 3370 ⁴
431 3341 601 3422 pronioris
618 3340 662 3403 ad
675 3341 863 3404 versutiam
880 3340 1007 3417 cordis,
1022 3350 1151 3422 praeter

202 3445 384 3519 paternam
405 3439 642 3503 haereditatem
657 3439 694 3500 in
711 3437 928 3502 Normannia
944 3446 980 3502 et
995 3440 1151 3520 ingentia

201 3538 334 3618 praedia
356 3539 393 3600 in
416 3536 558 3619 Anglia,
589 3537 782 3614 castellum,
810 3537 903 3619 quod
927 3539 1048 3601 matris
1075 3557 1148 3602 suae

203 3635 310 3700 frater
328 3635 437 3718 Hugo
461 3638 552 3701 filius
569 3635 783 3701 Gualerauni
806 3643 979 3714 tenuerat,
1001 3637 1149 3700 Mellen-

203 3742 278 3797 tum
300 3736 449 3813 nomine,
463 3755 485 3799 a
506 3755 588 3817 rege
610 3735 768 3798 Franciae
791 3733 1002 3798 nundinatus
1022 3742 1076 3798 est
1090 3755 1151 3817 pe·

202 3835 314 3898 cunia.
367 3833 438 3912 Qui
469 3854 547 3898 cum
580 3835 797 3917 superiorum
828 3853 950 3914 regum
986 3840 1151 3916 tempore,

237 4063 382 4132 ¹Loca’.]A.
397 4071 426 4120 C.
439 4070 474 4121 D.
486 4071 519 4120 E.
531 4070 663 4131 L.;omit·
724 4066 908 4131 ³Vivoeitnte.]
936 4070 965 4118 C.
984 4068 1019 4118 D.
1040 4068 1091 4130 E.;
1107 4083 1154 4129 pro

200 4136 280 4185 tedia
292 4139 321 4187 S.
689 4138 879 4199 vivacitatem
891 4139 921 4188 S.
933 4138 964 4187 L.

236 4203 394 4271 ²Oretana]
410 4208 444 4258 A.
460 4210 490 4258 C.
508 4209 543 4259 D.
562 4210 593 4259 E.
612 4210 663 4272 L.;
725 4203 899 4276 ⁴Proaicris.]
918 4207 951 4258 A.
965 4208 995 4257 C.
1013 4207 1048 4257 D.
1061 4208 1093 4256 li.
1106 4208 1137 4256 L.
1146 4219 1155 4267 ;

201 4277 369 4339 orationis&
690 4291 736 4339 pro
747 4279 868 4340 moribus,
880 4277 909 4327 S.
950 4313 960 4330 .
