3142 5025
426 551 492 615 570
642 565 756 613 cnsrn
779 563 906 612 aucun
931 563 1145 612 suenorum
1228 549 1380 630 [marv.

270 725 488 788 bratteolas-diu
509 730 696 804 conceptas
719 723 756 786 in
783 722 937 786 Francos
957 722 1027 785 iras
1053 721 1261 802 parturiens,
1284 720 1380 784 misit

269 798 335 836 ealon.

431 825 554 888 ducem
581 822 715 886 militiae
738 823 799 905 qui
824 840 884 885 eos
909 821 953 884 dc
976 840 1096 901 regno,
1121 827 1160 884 ut
1182 819 1376 898 dictitabat,

434 943 498 986 sno
512 917 743 1004 'propelleret
783 920 1049 1002 Ille,praeeepta
1059 927 1239 983 maturans
1250 921 1383 996 munia,

434 1042 515 1086 cum
546 1021 702 1084 audisset
734 1029 874 1104 captam
904 1020 1107 1095 Ierusalem,
1140 1017 1264 1101 majori
1297 1038 1384 1082 cura

435 1120 630 1186 stimulavit
652 1122 844 1201 negotium,
866 1137 1064 1201 quanquam
1090 1124 1171 1181 ante
1192 1118 1279 1180 nihil
1302 1137 1384 1200 seg·

436 1221 533 1284 nitiei
561 1220 768 1284 admisisset.
821 1219 976 1300 Eratque
1007 1218 1156 1282 barbaro
1183 1218 1319 1281 animus
1341 1226 1383 1280 ut

437 1319 654 1384 Christianos
671 1319 707 1382 in
723 1318 914 1382 ierusalem
935 1313 1130 1396 obsideret3
1149 1323 1195 1393 et,
1213 1323 1294 1399 post
1309 1319 1383 1382 vic·

437 1420 562 1483 teriam
588 1438 692 1501 quam
713 1418 788 1501 jam
813 1425 927 1481 mente
955 1417 1151 1480 somniabat
1175 1415 1265 1480 falso
1295 1436 1386 1498 prae·

436 1538 556 1600 sagus,
573 1517 794 1599 sepulchrum
812 1517 953 1581 Domini
975 1534 997 1578 a
1019 1514 1126 1579 fundo
1148 1524 1284 1579 erutum
1298 1515 1385 1580 dila-

438 1617 582 1700 pidaret.
624 1616 760 1693 Nostri,
776 1617 836 1698 qui
853 1616 938 1680 nihil
951 1615 1064 1679 minus
1078 1615 1262 1696 diligerent
1277 1634 1383 1696 quam

438 1712 624 1780 obsidiales
649 1734 821 1779 aerumnas
850 1715 963 1779 denuo
988 1709 1152 1798 ²perpeti,
1178 1721 1319 1796 sumpta
1340 1734 1386 1798 ex

439 1815 507 1880 Dei
530 1822 630 1897 parte
658 1815 817 1891 audacia,
844 1835 889 1878 ex
916 1815 1000 1877 urbe
1027 1833 1148 1888 versus
1174 1812 1385 1878 Ascalonem

438 1915 621 1997 prodeunt,
635 1915 739 1978 obvia
753 1914 910 1979 hostibus
925 1913 1110 1978 inserentes
1127 1921 1287 1996 pectora3
1305 1932 1386 1995 por-

438 2015 629 2097 tabantque
651 2032 768 2078 secum
793 2021 927 2098 partem
955 2012 1130 2078 Dominici
1156 2013 1255 2094 ligni,
1279 2032 1386 2095 quam

439 2114 579 2195 quidam
600 2114 709 2197 Syrus
735 2114 823 2177 civis
849 2113 1158 2197 lerosolymitanus
1184 2113 1280 2176 avita
1306 2132 1386 2176 suc·

438 2215 594 2278 cessione
616 2213 709 2278 domi
736 2213 945 2278 custoditam
974 2213 1231 2295 propalaverat.
1284 2211 1386 2276 Felix

439 2313 543 2396 plane
569 2321 605 2377 ot
630 2313 729 2378 fidele
753 2313 896 2390 lurtum,
924 2320 963 2375 ut
986 2319 1061 2376 toto
1086 2318 1241 2393 tempore
1260 2311 1387 2375 Turcis

429 2401 612 2477 'celaretur
637 2414 863 2496 mysterium!
916 2412 1100 2493 Ingentem
1121 2429 1205 2493 ergo
1232 2411 1386 2494 praedam

440 2528 602 2596 pecorum
633 2521 669 2577 et
699 2514 869 2596 pecudum
897 2504 1016 2576 ³secus
1041 2509 1250 2575 Ascalonem
1281 2511 1387 2590 nacti,

440 2613 601 2694 generale
621 2618 877 2696 proposuerunt
897 2611 1046 2675 edictum
1069 2620 1109 2675 ut
1126 2611 1242 2675 omnia
1263 2612 1299 2674 in
1324 2630 1386 2693 pa-

441 2713 526 2776 tulis
546 2713 678 2794 campis
701 2712 946 2794 relinquerent,
964 2730 1006 2773 ne
1027 2717 1166 2793 postero
1183 2728 1283 2773 mane
1299 2730 1387 2792 pug-

441 2812 574 2875 naturis
604 2812 849 2894 impedimcnto
876 2810 1010 2874 forent:
1039 2811 1125 2875 satis
1152 2829 1324 2892 superque
1348 2829 1386 2872 se

440 2912 593 2993 praedam
619 2911 799 2975 habituros
823 2912 853 2973 si
865 2912 1053 2987 vincerent,
1075 2909 1259 2972 dummodo
1279 2928 1386 2991 expe·

441 3010 505 3073 diti
522 3009 657 3073 divinas
672 3010 919 3073 ulciscerentur
933 3010 1090 3093 injurias.
1143 3008 1268 3091 Itaque
1286 3028 1387 3072 mane

436 3108 510 3191 jam
541 3109 696 3173 exercitu
718 3102 940 3191 *prodeunte
963 3108 1110 3185 videres,
1132 3126 1259 3191 supero
1282 3108 1388 3172 credo

440 3208 619 3284 instinctu,
644 3210 805 3272 cornibus
827 3209 950 3273 erectis
981 3227 1107 3290 pecora
1129 3208 1296 3272 lateribus
1323 3210 1386 3271 mi·

439 3307 539 3370 litum
555 3308 825 3385 obambulantia,
843 3326 905 3372 nec
926 3307 999 3370 ulla
1019 3326 1121 3390 posse
1143 3308 1235 3389 abigi
1254 3308 1386 3372 violen-

439 3407 508 3471 tia:
532 3407 625 3488 quod
651 3409 785 3471 eminus
800 3407 918 3471 hostes
944 3408 1073 3484 intuiti,
1088 3414 1123 3470 et
1138 3407 1309 3471 solaribus
1331 3428 1387 3471 ra-

438 3505 505 3568 diis
520 3508 616 3572 visus
631 3507 796 3583 hebetati,
812 3507 935 3571 animis
951 3512 1031 3570 ante
1047 3507 1203 3589 praelium
1226 3507 1384 3571 concide·

437 3613 531 3683 runt,
562 3607 654 3689 quod
682 3608 861 3670 crederent
887 3606 1099 3669 innumeram
1122 3625 1198 3669 esse
1224 3606 1386 3670 adversa·

437 3705 564 3770 riorum
586 3725 747 3785 manum;
771 3706 931 3789 quamvis
954 3706 1040 3787 ipsis
1057 3726 1126 3769 non
1144 3706 1280 3769 deesset
1296 3707 1385 3770 mili-

436 3805 523 3868 taris
547 3808 648 3887 copia
673 3807 783 3870 multo
811 3805 977 3868 exercitio
1002 3804 1045 3868 ad
1070 3806 1228 3887 praelium
1253 3825 1389 3888 praepa·

435 3912 523 3967 rata.
577 3903 723 3969 Lentius
746 3906 864 3986 itaque
892 3903 1130 3986 procedentes,
1149 3904 1313 3981 Francos,
1338 3906 1387 3969 bi-

469 4132 477 4164 ¹
490 4135 660 4199 Propelleret.]
680 4137 709 4187 S.
725 4137 756 4185 D.
769 4137 819 4197 E.;
836 4150 895 4198 per·
956 4134 1074 4196 ³Secus.]
1098 4138 1128 4187 C.
1143 4136 1178 4187 D.
1191 4138 1223 4187 Ε.
1236 4153 1242 4198 ;
1254 4139 1340 4200 juxta,
1351 4136 1385 4187 A.

431 4205 553 4264 turbaret,
565 4206 594 4252 L.
922 4207 951 4256 S.
963 4208 995 4256 b.

467 4269 611 4336 ²Perpeti.]
631 4275 659 4325 S.
682 4278 711 4325 C.
729 4277 763 4325 D.
782 4277 832 4335 E.;
850 4290 895 4324 ex·
956 4275 966 4307 ⁴
987 4276 1146 4338 Prodente]
1171 4276 1199 4325 S.
1225 4278 1255 4327 C.
1278 4274 1313 4325 D.
1334 4276 1384 4337 E.;

430 4343 517 4403 periri,
527 4343 561 4392 A.
573 4344 603 4392 b.
920 4348 1081 4408 procedente,
1093 4346 1126 4395 A.
1139 4347 1170 4395 L.
