3142 5025
418 504 484 568 552
634 519 899 568 onsrnanouu
924 485 1138 566 nucnoaun.
1216 504 1303 584 [nra.
1321 519 1371 566 ιν.

258 693 409 744 slasane.
422 675 597 761 periculo;
620 694 771 759 namque
797 675 833 738 hi
848 675 924 760 jam
948 673 1133 738 indiscrete
1155 673 1192 736 iu
1211 675 1370 738 tentoriis

422 778 497 840 suis
522 777 746 852 necabantur,
761 775 846 838 nihil
866 775 957 839 bello
977 774 1113 850 intenti,
1131 773 1191 836 sed
1214 774 1298 836 solis
1319 774 1370 836 la·

423 877 573 958 chrymis
590 882 626 938 et
642 876 802 958 precibus
819 893 923 937 auras
940 874 1134 957 implentes.
1175 871 1251 936 Neo
1268 874 1372 936 rima-

423 977 529 1038 batur
553 975 664 1038 bostis
681 975 817 1039 vulneri
842 973 986 1050 aditum,
1012 971 1072 1036 sed
1099 973 1136 1035 in
1155 972 1281 1036 nothos
1303 972 1371 1036 sor-

425 1083 547 1138 tunam
557 1075 731 1150 emittens,
742 1092 918 1156 nunquam
929 1092 992 1155 pro
1004 1070 1176 1135 densitate
1184 1091 1372 1135 cuneorum

425 1173 563 1237 inanem
586 1172 757 1237 referebat
774 1192 923 1236 manum.
975 1171 1059 1236 Sola
1080 1179 1157 1234 erat
1182 1172 1303 1235 mortis
1320 1172 1372 1234 di·

426 1272 524 1350 latio,
550 1273 654 1356 quod,
683 1273 767 1355 quia
788 1273 894 1357 juxta
921 1271 1094 1354 quoddam
1128 1271 1372 1335 arundinetum

426 1375 659 1455 pugnabatur,
676 1373 756 1455 equi
773 1372 965 1436 Turcornm
985 1371 1141 1453 impediti
1163 1371 1280 1434 liberis
1302 1391 1372 1434 non

427 1473 635 1536 exultabant
661 1472 833 1535 cursibus.
891 1470 959 1535 Sed
991 1471 1133 1535 tandem
1161 1470 1246 1534 visis
1277 1477 1374 1534 ante-

427 1572 585 1653 signanis
606 1571 813 1653 optimatum
829 1571 1053 1647 venientium,
1069 1570 1179 1652 nostri
1201 1590 1246 1634 ex
1269 1589 1373 1633 arun-

428 1671 547 1735 dineto
574 1669 764 1754 prodeunt3
793 1677 830 1733 et
853 1663 1061 1734 ¹acclamato
1086 1670 1187 1752 signo
1221 1669 1374 1747 militari,

429 1771 550 1833 ‘Deus
571 1770 680 1834 vult!'
712 1770 899 1852 dissipatos
928 1770 1065 1833 ordines
1095 1769 1247 1833 hostium
1276 1770 1374 1834 inva-

428 1869 527 1946 dunt,
544 1869 648 1933 sociis
664 1876 704 1932 ut
719 1889 765 1933 ex
782 1869 894 1932 altera
915 1876 1015 1952 parte
1037 1868 1164 1933 feriant
1177 1869 1373 1934 innuentes.

431 1968 490 2032 Ita
522 1958 640 2045 Tu'rci,
671 1988 750 2032 cum
784 1968 946 2051 utrinque
977 1973 1224 2052 premerentur,
1256 1969 1372 2033 nescio

418 2068 512 2150 ”quid
529 2067 641 2130 dirum
658 2068 856 2145 stridenteS,
873 2068 1064 2132 ululatibus
1080 2069 1117 2131 in
1136 2068 1263 2132 coelum
1286 2070 1374 2133 actis

428 2167 594 2250 diffugere
607 2186 616 2246 ;
643 2187 706 2231 nec
719 2168 823 2232 solito
839 2187 934 2232 more
950 2186 1069 2251 pugna
1083 2168 1199 2250 fugaci
1215 2169 1283 2244 usi,
1300 2169 1374 2245 sed,

429 2267 575 2351 abjectis
598 2269 760 2345 arcubus,
776 2267 890 2352 majus
906 2267 1037 2350 aliquid
1059 2287 1164 2350 quam
1185 2267 1375 2331 humanum

428 2367 587 2431 timorem
600 2368 766 2431 continua
777 2368 882 2431 trium
897 2368 1029 2431 dierum
1042 2367 1127 2450 suga
1142 2368 1263 2431 testati
1279 2375 1373 2433 sunt.

430 2465 506 2532 Nec
521 2474 598 2531 erat
614 2467 674 2549 qui
697 2486 757 2533 eos
778 2466 934 2550 fugarem
958 2467 1041 2551 quia
1062 2467 1143 2550 equi
1164 2473 1373 2546 nostrorum,

429 2567 490 2631 vix
512 2566 636 2651 jejuno
664 2569 795 2650 cespite
817 2568 926 2631 vitam
951 2575 1199 2643 sustentantes
1224 2568 1374 2631 alacrem

428 2667 701 2747 persecutionem
717 2668 905 2748 negabant,
915 2668 1008 2731 lasso
1025 2668 1143 2730 statim
1156 2668 1254 2730 ilium
1272 2668 1375 2750 pulsu

428 2758 666 2829 ²defectionem
681 2785 780 2829 suam
797 2766 1027 2831 ostendentes.
1068 2766 1154 2831 Erat
1171 2768 1261 2829 enim
1275 2765 1375 2844 Asia,

429 2872 524 2929 terra
544 2866 718 2947 quondam
740 2866 878 2949 frugum
899 2865 1124 2943 feracissima,
1143 2866 1195 2930 ita
1211 2866 1376 2930 moderno

429 2972 465 3027 et
479 2966 624 3047 antiquo
639 2973 794 3047 tempore
808 2965 933 3029 Turcis
960 2966 1184 3030 saevientibus
1206 2966 1374 3048 expilata,

427 3071 469 3126 ut
485 3063 546 3127 vix
571 3082 651 3127 raro
674 3066 843 3129 exercitui
864 3066 1063 3129 alimoniam
1083 3065 1278 3129 ministrare
1303 3067 1375 3129 sus-

428 3162 558 3240 ficeret,
581 3162 708 3227 nedum
727 3171 835 3229 tantae
855 3165 1082 3242 multitudini,
1102 3184 1181 3248 quae
1206 3173 1300 3229 totas
1322 3186 1377 3230 se-

324 3336 327 3341 ,
427 3269 525 3342 getes
558 3263 758 3345 depastura,
786 3271 881 3329 totos
908 3258 1044 3328 ³amnes
1075 3273 1259 3347 epotatura
1281 3266 1377 3330 vide-

427 3368 541 3426 retur:
566 3364 830 3428 aestimabantur
852 3364 943 3427 enim
968 3385 1046 3428 cum
1063 3357 1103 3427 *a
1120 3363 1232 3429 Nicea
1248 3365 1377 3430 disces-

453 3601 602 3651 ¹Acclmmto
612 3603 890 3665 signomilitori,‘Deus
913 3607 1008 3670 words,
1021 3607 1064 3657 tbe
1081 3609 1230 3670 inspiration
1248 3608 1335 3671 surely
1352 3608 1381 3658 of

424 3667 520 3740 enut’]
532 3672 615 3721 When
626 3674 714 3722 Urbun
722 3674 761 3724 11.
772 3674 890 3724 address-
913 3676 955 3726 the
964 3678 1034 3738 Holy
1041 3678 1212 3740 Spirit,besor
1217 3693 1276 3727 ever
1288 3680 1378 3740 adopt·

425 3743 458 3791 ed
480 3741 522 3791 the
545 3743 681 3791 multitude
703 3742 766 3792 from
788 3758 804 3792 a
826 3744 889 3807 lofty
913 3747 1062 3809 edasyour
1071 3749 1200 3810 war-cry)

425 3811 531 3861 seuffold
553 3812 580 3860 in
598 3812 641 3861 tlre
659 3813 847 3875 marlot-place
863 3815 893 3863 of
947 3835 958 3868 2
969 3839 1135 3899 Medionem
1145 3835 1237 3907 mm]
1248 3841 1277 3891 S·
1285 3840 1320 3889 D·
1328 3840 1376 3889 E„

425 3882 564 3943 (bemont,
573 3882 680 3945 inciting
697 3882 739 3931 the
755 3884 846 3945 people
863 3890 889 3933 to
1367 3876 1376 3898 '

424 3951 566 4001 undertake
584 3951 626 4000 the
646 3952 772 4015 Crusade,
790 3953 822 4001 he
833 3969 889 4004 was

424 4021 568 4083 frequently
594 4022 751 4083 interrupted
783 4024 819 4084 by
846 4024 888 4072 the
948 4002 1217 4068 'Ammmtatmff
1236 4004 1377 4064 D.E.L.;

424 4090 887 4143 shoutotthousandsintheirrusuc
912 4089 998 4123 amnes
1020 4088 1048 4124 ⁸⁹
1073 4078 1200 4137 potatum,
1220 4077 1266 4137 0⁴
1291 4088 1377 4124 ωδε

424 4159 502 4208 aaron
513 4161 765 4222 excrumng‘neus
776 4162 801 4209 10
813 4163 888 4211 vonr
911 4143 1333 4207 epotum,l.;amnesep0tatum,
1346 4145 1378 4193 S·

423 4229 460 4277 ‘lt
478 4230 501 4278 is
518 4229 614 4277 indeed
633 4231 675 4279 the
686 4231 742 4279 will
760 4230 789 4279 of
802 4225 861 4281 (lod
872 4233 888 4282 l'
946 4229 990 4279 ⁴A
1005 4224 1108 4297 Nicea]
1127 4230 1161 4280 A.
1181 4231 1210 4281 S.
1228 4231 1264 4281 D.
1283 4232 1315 4280 E.
1328 4232 1378 4292 L.;

423 4298 520 4359 replied
532 4298 574 4347 the
592 4314 674 4360 pope,
690 4301 758 4349 ‘and
769 4302 805 4349 let
816 4302 887 4351 those
911 4305 996 4362 antee,
1009 4301 1039 4349 G.

913 3908 1041 3958 defectum
1052 3924 1137 3968 suum,
1152 3911 1180 3959 t.
