3142 5025
217 524 361 607 u1n.11.]
505 541 680 590 maroam
702 543 883 591 novrum.
1099 528 1166 593 735

217 698 294 763 Nec
320 698 386 763 luit
412 698 590 763 ambarum
618 697 784 780 partium·
798 716 936 780 aequum
960 694 1164 779 dissidium3

216 796 298 862 dum
322 798 538 880 imperatrix,
561 797 605 862 ad
633 798 761 861 bonum
785 797 939 880 pronior,
955 797 1165 863 ecclesiasti-

216 917 294 961 cum
308 919 378 962 non
393 917 431 961 se
448 898 560 963 vereri
577 897 748 981 judicium
764 896 985 977 mandasset;
1009 890 1062 961 ¹et
1077 897 1166 980 regii

216 997 303 1060 illud
319 1016 422 1079 qnam
438 997 589 1061 maxime
603 994 746 1073 nollent,
761 996 843 1059 dum
855 996 1025 1060 dominari
1038 995 1082 1061 ad
1097 998 1167 1061 uti·

216 1095 334 1160 litates
350 1114 432 1159 suas
450 1096 617 1160 valerent.
655 1088 842 1158 ²Proximo
859 1094 1052 1176 Septembri
1068 1096 1167 1178 lega-

218 1200 287 1270 tus,
299 1194 361 1277 qni
382 1203 500 1260 nosset
512 1192 615 1259 officii
637 1195 691 1257 sui
703 1195 922 1277 potissimum
938 1195 1105 1259 iuteresse
1125 1204 1166 1261 ut

216 1313 288 1376 pax
298 1295 508 1371 conveniret,
519 1314 582 1376 pro
594 1312 636 1358 ea
644 1293 861 1358 restituenda
870 1293 1021 1357 laborem
1030 1295 1165 1359 itineris

216 1393 439 1458 transmarini
460 1411 659 1475 aggressus,
673 1393 710 1456 in
728 1391 880 1456 Galliam
903 1394 1069 1474 navigare
1090 1412 1165 1459 ma·

217 1494 360 1557 tutavit.
393 1492 450 1556 Ibi
463 1511 487 1555 a
502 1512 584 1574 rege
599 1492 757 1556 Franciae
770 1499 807 1555 et
824 1492 948 1557 comite
957 1491 1164 1572 Thetbaldo,

215 1592 404 1674 multisque
434 1591 587 1673 religiosi
615 1591 745 1655 ordinis
774 1591 943 1673 personis,
971 1611 1099 1673 magno
1129 1599 1166 1657 et

215 1692 364 1755 sollicito
379 1698 531 1755 tractatu
550 1690 593 1755 de
606 1710 692 1771 pace
707 1688 847 1772 Angliae
861 1690 993 1769 habito,
1004 1710 1164 1755 reversus

215 1792 316 1854 estin
327 1792 395 1854 fine
407 1784 512 1872 ³pene
524 1790 751 1869 Novembris;
769 1790 923 1854 salubria
931 1791 1054 1872 patriae
1065 1810 1164 1854 man-

217 1889 301 1952 data
317 1889 480 1967 referens,
496 1890 526 1952 si
542 1897 635 1953 esset
648 1891 709 1971 qui
724 1890 830 1953 verba
843 1889 945 1953 lactis
960 1897 1163 1973 apponeret.

217 1987 265 2051 Et
291 1988 395 2068 plane
418 1990 622 2071 imperatrix
646 1995 682 2053 et
712 2007 827 2053 comes
860 1988 1039 2053 confestim
1063 1982 1164 2054 *con-

217 2105 377 2167 sensere3
400 2108 463 2151 rex
478 2108 560 2152 vero
577 2087 620 2151 de
636 2088 693 2151 die
705 2088 742 2151 in
757 2088 848 2151 diem
869 2088 1069 2170 producere,
1082 2108 1163 2171 pos·

217 2191 327 2250 tremo
342 2188 378 2250 in
389 2206 524 2251 summa
540 2187 712 2250 frustrari.
763 2186 855 2250 Tum
872 2186 1009 2251 demum
1026 2188 1164 2270 legatus

216 2304 254 2348 se
278 2285 371 2350 intra
393 2306 430 2350 se
454 2286 636 2363 continuit,
665 2305 780 2349 rerum
805 2287 951 2363 exitum,
973 2293 1014 2351 ut
1034 2289 1164 2366 caeteri,

216 2385 477 2467 speculaturus}
497 2385 579 2468 quid
595 2386 686 2448 enim
702 2385 829 2449 attinet
844 2392 966 2449 contra
976 2392 1165 2451 torrentem

216 2485 358 2550 brachia
380 2486 544 2551 tenderet
567 2505 658 2563 cum,
672 2484 847 2549 laboribus
865 2504 935 2549 non
960 2485 1026 2550 nisi
1048 2485 1164 2551 odium

216 2605 381 2667 quaerere,
396 2593 562 2651 extremae
578 2586 625 2649 sit
637 2583 695 2670 (ut
710 2585 851 2668 quidam
865 2581 932 2670 ait)
948 2584 1143 2652 dementiae.

226 2775 396 2823 EXPLICIT
419 2776 526 2823 LIBER
551 2773 741 2824 SECUNDUS
763 2774 939 2822 NOVELLAE
961 2774 1157 2826 HISTORIAE.

250 3013 308 3066 'Et
326 3015 392 3078 regii
411 3015 603 3078 ...mbram
626 3015 677 3076 E.;
741 3009 924 3084 'Proalmc.]
951 3015 985 3066 Ε.
992 3031 1001 3079 3
1024 3015 1166 3080 Postremo,

214 3091 240 3137 et
256 3103 302 3136 rex
323 3086 389 3135 illud
406 3101 484 3147 quam
506 3086 616 3135 maxime
635 3099 677 3134 ca·
703 3083 731 3134 S.
744 3084 847 3135 ΒΜ.

213 3161 292 3218 verat,
302 3157 414 3206 consiliis
431 3156 532 3205 illorum
547 3155 677 3204 malecre·
736 3151 863 3218 ⁸Pena]
889 3154 919 3206 S.
942 3155 977 3205 D.
1006 3156 1066 3207 Ea.
1088 3156 1164 3219 La,

214 3227 301 3287 dulus,
312 3227 357 3286 qui
367 3225 431 3274 nihil
448 3226 532 3274 minus
544 3239 620 3286 qnam
632 3240 678 3285 pa·
701 3224 806 3272 omitted
817 3225 844 3272 in
855 3226 909 3276 El.

214 3310 269 3344 cem
278 3297 382 3355 vellent,
390 3296 453 3343 dum
468 3295 493 3343 ei
508 3295 633 3343 dominari
642 3294 676 3341 ad
737 3291 747 3320 ⁴
759 3292 926 3356 consensere]
938 3294 962 3342 E
969 3298 993 3344 1.
1003 3303 1012 3355 3
1023 3307 1165 3359 assensere,

214 3366 338 3415 utilitates
345 3378 406 3414 suas
412 3365 534 3427 valerent,
541 3364 571 3413 S.
579 3363 675 3414 Mas.
701 3361 730 3412 S.
742 3363 778 3412 D.
791 3364 815 3410 E
823 3366 847 3412 2.
859 3364 913 3415 La.
