3142 5025
369 522 435 587 474
587 534 701 582 caera
725 532 851 580 ancum
875 529 1087 579 suanorum.
1163 512 1248 592 [nra.
1269 526 1329 574 ιιι.

415 756 512 816 QUOD
536 753 779 802 EBORAOENSIS
804 750 1126 811 ARGHlEPlSOOPUS,
1145 749 1190 795 ΕΤ
1206 749 1327 796 OMNES

475 856 544 902 SIBI
574 854 756 915 SUBJEG'l'l,
778 850 1062 900 ARcHfflPlscoro
1085 849 1328 896 DOROBERNIAE

476 953 754 1002 SUBJlCIANTUR.

429 1060 578 1127 Generole
593 1058 754 1124 concilium
772 1059 864 1144 regni
879 1056 1055 1144 Anglorcm
1070 1055 1194 1139 dejure
1213 1065 1241 1117 et
1255 1056 1329 1137 pri-

477 1173 561 1224 matu
576 1157 822 1224 Dorobernensis
838 1159 902 1219 sive
920 1154 1156 1221 Contuccicnsis
1173 1152 1311 1218 ecclesia.

218 1311 339 1355 aaron.
432 1287 449 1370 ᾗ
473 1285 551 1351 298.
575 1284 701 1350 ‘Anno
723 1286 767 1349 ab
793 1283 1032 1348 incarnatione
1057 1281 1198 1345 Domini
1221 1278 1331 1344 nostri

380 1387 402 1452 J
406 1406 467 1452 esu
498 1385 628 1450 Christi
658 1385 841 1449 millesimo
878 1382 1134 1465 septuagesimo
1166 1379 1330 1456 secundo,

380 1486 602 1570 pontificatus
627 1492 743 1548 autom
769 1482 900 1547 domini
923 1479 1118 1545 Alexandri
1142 1497 1242 1562 papae
1265 1498 1330 1541 un·
1395 1469 1402 1478 ’

382 1587 526 1663 decimo,
542 1585 641 1666 regni
656 1603 738 1648 vero
752 1581 920 1648 Willelmi
933 1581 1074 1662 gloriosi
1088 1579 1181 1661 regis
1196 1576 1332 1659 Angla·

383 1704 460 1748 rum
480 1692 516 1748 et
539 1684 636 1748 ducis
658 1681 694 1746 N
696 1700 940 1747 ormannorum
962 1687 1076 1755 sexto,
1092 1699 1138 1742 ex
1158 1685 1332 1760 praecepto

384 1784 539 1868 ejusdem
553 1781 747 1847 Alexandri
767 1801 881 1865 papae,
899 1786 1072 1843 annuente
1095 1779 1215 1842 eodem
1237 1797 1331 1859 rege,

384 1886 420 1947 in
438 1883 624 1966 praesentia
644 1882 754 1964 ipsius
776 1888 813 1945 et
834 1880 1074 1963 episcoporum
1096 1885 1202 1960 atque
1225 1878 1331 1940 abba·

385 1991 471 2060 tum,
487 1983 656 2047 ventilata
678 1988 732 2044 est
758 1998 864 2044 causa
888 1980 931 2042 de
952 1978 1104 2061 primatu
1122 1997 1225 2061 quem
1241 1976 1334 2040 Lan·

387 2231 510 2292 nignitate
533 2230 601 2292 regis
623 2234 649 2278 et
671 2231 740 2293 jure,
765 2228 852 2277 debita
874 2232 945 2276 tanta
955 2228 1126 2290 prosequitur,
1135 2228 1212 2277 ettali
1222 2227 1337 2276 dominos

387 2301 545 2349 subditorum
568 2300 689 2349 fidelitate
713 2300 853 2361 proveniat,
875 2297 1049 2347 infonnatione
1073 2299 1208 2360 componit,
1234 2313 1266 2346 ne
1294 2298 1336 2346 vel

389 2371 454 2419 situs
472 2384 573 2431 quoque
591 2371 681 2432 patriae
701 2369 854 2418 confidenter
876 2368 977 2429 aliquos
998 2367 1106 2417 servitus
1128 2367 1275 2429 adnichilet,
1291 2372 1338 2415 aut

388 2439 854 2503 adjuvat,naturaebeneficiisetmaris
877 2437 1002 2499 impunita
1017 2438 1141 2486 securitas
1161 2438 1229 2486 elata
1247 2438 1338 2498 praeci·

389 2511 520 2560 vicinitate
532 2511 676 2572 conclusus,
686 2515 716 2559 ut
725 2510 780 2559 sine
798 2524 854 2571 gra-
879 2509 952 2570 pitet,
963 2523 1036 2570 reges
1047 2523 1148 2569 quoque
1159 2508 1204 2570 qui
1221 2507 1338 2571 perfunc-

391 2582 458 2629 tnita
475 2581 631 2629 dominorum
648 2581 750 2629 licentia
767 2580 855 2628 nullus
878 2578 943 2626 toria
954 2585 1059 2627 caeteros
1069 2592 1162 2639 pompa
1171 2580 1338 2641 praeveniunt,

392 2651 487 2711 exitus,
504 2650 569 2698 nulli
586 2651 745 2711 relinquatur
759 2650 856 2710 ingres·
877 2662 909 2696 ne
926 2648 1098 2708 potentatibus
1113 2649 1274 2710 insolescant,
1284 2663 1339 2697 car·

393 2732 447 2768 sus.
477 2720 552 2768 Unde
562 2723 633 2769 tanta
643 2720 712 2781 genti
723 2720 856 2780 securitas,
878 2718 919 2766 nis
929 2718 1115 2766 infirmitatibus
1126 2723 1152 2767 et
1161 2719 1278 2768 humanis
1294 2718 1340 2767 ad·

393 2793 465 2837 unta
496 2790 617 2837 bonorum
644 2789 754 2838 omnium
781 2789 857 2850 copia
879 2788 981 2836 modurn
999 2788 1193 2836 necessitatibus
1210 2789 1339 2849 expositos

394 2860 526 2921 successit,
536 2863 575 2921 ut,
586 2861 608 2908 si
618 2873 685 2925 verae
697 2860 802 2908 rationis
812 2859 855 2907 ho·
879 2858 938 2905 utili
964 2859 1067 2918 penitus
1093 2858 1263 2906 sollicitudine
1290 2858 1340 2906 fre·

394 2933 491 2978 aestate
502 2934 647 2991 regeretur,
667 2930 749 2978 aetatis
770 2943 856 2978 aureae
879 2932 992 2988 queritat.
1027 2927 1123 2988 Regem
1134 2928 1229 2989 quippe
1243 2942 1292 2976 non
1302 2928 1340 2976 fa·

395 2999 503 3059 pristina
535 3004 649 3060 tempora
683 2999 857 3048 consumaret.
880 2998 951 3046 ciunt
960 2998 1033 3059 vulgi
1050 2998 1083 3045 de
1097 2996 1210 3046 fascibus
1223 2997 1341 3048 fabulosa

395 3068 440 3115 Set
450 3067 498 3115 hoc
508 3068 586 3115 tantis
596 3082 651 3116 eam
659 3069 857 3128 promotionibus
881 3073 1030 3129 commenta,
1044 3067 1085 3116 rel
1100 3066 1207 3117 furentis
1223 3068 1339 3129 insanire,

396 3137 474 3197 elicit,
485 3136 554 3196 quod
573 3152 630 3185 cum
648 3138 715 3185 omni
733 3138 859 3187 forinseca
881 3136 922 3186 vel
932 3137 1029 3185 infinita
1035 3138 1137 3199 jngere,
1147 3138 1188 3186 vel
1199 3137 1280 3187 amica
1292 3153 1341 3199 pu-

396 3207 583 3267 perturbatione
609 3208 643 3255 sit
664 3207 753 3270 libera,
780 3209 858 3258 tantis
880 3206 986 3256 tredinis
995 3208 1126 3267 ingeniosa
1135 3206 1298 3269 crapula,vel
1308 3207 1341 3255 de

396 3276 546 3337 gaudiorum
567 3276 739 3337 voluptatibus
766 3278 857 3326 eveha-
880 3276 997 3325 lamentis
1007 3290 1148 3338 pauperum
1159 3277 1281 3325 convulsa
1297 3292 1342 3338 pe·

395 3350 447 3407 tur,
464 3346 531 3394 sicut
550 3347 694 3397 miseranda
715 3348 858 3396 mortalium
881 3346 965 3394 cunia.
989 3349 1085 3408 Regem
1095 3362 1145 3395 non
1155 3346 1252 3395 faciunt
1259 3352 1342 3396 vestes

397 3416 507 3463 conditio
516 3421 563 3478 est,
570 3417 637 3465 malo
648 3417 745 3466 scilicet
752 3418 857 3467 acclinis
881 3416 977 3478 Mae,
997 3431 1047 3464 non
1065 3431 1128 3464 auro
1142 3415 1231 3465 nitida
1247 3417 1342 3478 trabes,

396 3490 422 3532 et
441 3485 526 3546 lapsui
542 3500 630 3549 prona,
640 3487 766 3536 intestinis
780 3488 857 3535 animi
881 3500 930 3534 non
948 3486 1016 3534 color
1030 3485 1119 3535 frontis
1134 3487 1175 3535 vel
1185 3490 1244 3534 vota
1260 3487 1340 3547 regia.

399 3554 858 3605 seditionibusetcaeconovorummo-
881 3556 933 3621 §.ed
954 3570 1000 3604 rex
1021 3561 1060 3605 est
1081 3557 1126 3617 qui
1147 3557 1233 3617 posuit
1259 3561 1342 3604 metus

397 3624 483 3673 limine
492 3639 590 3687 semper
599 3625 727 3674 infrendit.
761 3626 856 3675 Hincs
881 3630 907 3673 et
917 3625 967 3672 diri
983 3627 1051 3675 mala
1067 3627 1187 3688 pectorIs,
1201 3641 1276 3687 quem
1292 3641 1342 3675 non

397 3694 519 3754 primaevo
535 3696 623 3743 mundi
640 3696 767 3745 nascentis
785 3711 859 3746 exor·
882 3696 985 3744 ambitio
1011 3696 1135 3757 impotens
1161 3700 1187 3745 et
1212 3710 1343 3757 nunquam

397 3764 450 3826 dio,
471 3778 535 3825 quos
554 3780 639 3813 rerum
661 3765 734 3814 Deus
758 3766 859 3815 Artifex
883 3765 981 3814 stabilis
1011 3765 1083 3815 favor
1103 3766 1175 3827 vulgi
1201 3767 1342 3828 praecipitis

400 3835 859 3898 aequalibertateditaverat,inobedi-
882 3840 973 3885 movet.
1008 3836 1065 3884 Rex
1075 3839 1114 3883 est
1125 3836 1268 3897 quisediri
1284 3851 1343 3897 pec·

398 3905 474 3952 entiae
490 3909 573 3953 motns
588 3906 765 3954 inflammantis
775 3907 858 3968 ejecit.
881 3905 943 3952 toris
953 3904 1084 3954 faetoribus
1100 3910 1217 3969 evacuat,
1228 3910 1253 3955 et
1267 3906 1344 3967 prod-

399 3972 434 4019 Et
444 3974 488 4034 qui
504 3975 564 4023 coeli
579 3974 717 4023 Dominum
727 3976 793 4024 ferre
809 3991 858 4024 non
882 3988 938 4023 esse
960 3976 1069 4036 singulis
1086 3976 1200 4024 sollerter
1216 3976 1343 4040 invigilat,

397 4046 522 4104 poterant,
531 4044 660 4092 hominum
670 4046 783 4093 serviunt
798 4060 858 4106 pra-
882 4044 971 4104 quales
981 4060 1063 4107 nuper
1072 4046 1106 4093 ad
1115 4044 1247 4107 fastigium
1265 4045 1344 4109 hujus

397 4112 476 4160 vitate
497 4114 619 4175 distincti,
635 4115 760 4163 continuis
781 4115 860 4163 malo·
882 4114 1000 4163 culminis
1017 4129 1067 4163 non
1085 4115 1188 4164 ambitio
1204 4115 1346 4180 popularis,

396 4193 453 4229 rum
464 4182 690 4241 persecutionibus,
700 4185 728 4232 in
735 4184 860 4233 deteriora
883 4184 928 4231 sed
950 4188 1065 4245 spectata
1080 4186 1146 4234 inter
1162 4186 1239 4234 bonos
1256 4187 1343 4235 mode-

398 4264 508 4311 quaequo
529 4252 644 4312 projecti.
680 4253 714 4301 Et
734 4255 796 4303 licet
814 4255 861 4302 im·
882 4254 956 4314 ratio,
977 4255 1100 4313 provexit.
1137 4255 1290 4304 Necessaria
1310 4257 1343 4304 si-

397 4320 498 4369 meritos
520 4320 607 4370 divina
627 4326 710 4371 tamen
732 4325 860 4373 miseratio
883 4323 984 4384 quidem
996 4330 1034 4373 est
1045 4324 1211 4374 mansuetudo
1221 4325 1345 4388 praelatis,
