<?xml version="1.0" encoding="UTF-8"?>
<!DOCTYPE html PUBLIC "-//W3C//DTD XHTML 1.0 Transitional//EN"
    "http://www.w3.org/TR/xhtml1/DTD/xhtml1-transitional.dtd">
<html xmlns="http://www.w3.org/1999/xhtml" xml:lang="en" lang="en">
 <head>
  <title>
</title>
<meta http-equiv="Content-Type" content="text/html;charset=utf-8" />
  <meta name='ocr-system' content='tesseract 3.04.00' />
  <meta name='ocr-capabilities' content='ocr_page ocr_carea ocr_par ocr_line ocrx_word'/>
</head>
<body>
  <div class='ocr_page' id='page_1' title='image "./willelmimalmesb01willgoog_0170.png"; bbox 0 0 3142 5025; ppageno 0'>
   <div class='ocr_carea' id='block_1_1' title="bbox 141 498 1169 578">
    <p class='ocr_par' dir='ltr' id='par_1_1' title="bbox 141 498 1169 578">
     <span class='ocr_line' id='line_1_1' title="bbox 141 498 1169 578; baseline 0.007 -19"><span class='ocrx_word' id='word_1_1' title='bbox 141 504 145 508; x_wconf 85' lang='grc'><strong>’</strong></span> <span class='ocrx_word' id='word_1_2' title='bbox 218 498 372 578; x_wconf 84' lang='lat' dir='ltr'><strong>1.1a.1v.]</strong></span> <span class='ocrx_word' id='word_1_3' title='bbox 448 513 560 562; x_wconf 75' lang='lat' dir='ltr'><strong>casm</strong></span> <span class='ocrx_word' id='word_1_4' title='bbox 584 514 710 563; x_wconf 81' lang='lat' dir='ltr'><strong>nseuu</strong></span> <span class='ocrx_word' id='word_1_5' title='bbox 734 515 949 565; x_wconf 69' lang='lat' dir='ltr'><strong>arenosum.</strong></span> <span class='ocrx_word' id='word_1_6' title='bbox 1103 502 1169 566; x_wconf 72' lang='lat'><strong>527</strong></span> 
     </span>
    </p>
   </div>
   <div class='ocr_carea' id='block_1_2' title="bbox 485 687 909 736">
    <p class='ocr_par' dir='ltr' id='par_1_2' title="bbox 485 687 909 736">
     <span class='ocr_line' id='line_1_2' title="bbox 485 687 909 736; baseline 0 -1"><span class='ocrx_word' id='word_1_7' title='bbox 485 687 605 736; x_wconf 82' lang='lat' dir='ltr'><strong>SERMO</strong></span> <span class='ocrx_word' id='word_1_8' title='bbox 628 687 768 736; x_wconf 74' lang='lat' dir='ltr'><strong>uuam</strong></span> <span class='ocrx_word' id='word_1_9' title='bbox 795 688 909 736; x_wconf 67' lang='lat' dir='ltr'><strong>PAPAE.</strong></span> 
     </span>
    </p>
   </div>
   <div class='ocr_carea' id='block_1_3' title="bbox 170 788 1415 4063">
    <p class='ocr_par' dir='ltr' id='par_1_3' title="bbox 220 788 1415 1475">
     <span class='ocr_line' id='line_1_3' title="bbox 273 788 1415 924; baseline 0.004 -66"><span class='ocrx_word' id='word_1_10' title='bbox 273 793 389 878; x_wconf 61' lang='lat'><strong>§342</strong></span> <span class='ocrx_word' id='word_1_11' title='bbox 413 793 576 871; x_wconf 57' lang='lat' dir='ltr'><strong>‘JMulta</strong></span> <span class='ocrx_word' id='word_1_12' title='bbox 592 792 787 881; x_wconf 86' lang='lat' dir='ltr'><strong>(inquit,)‘</strong></span> <span class='ocrx_word' id='word_1_13' title='bbox 798 788 941 861; x_wconf 82' lang='lat' dir='ltr'><strong>liratres</strong></span> <span class='ocrx_word' id='word_1_14' title='bbox 967 795 1169 875; x_wconf 78' lang='lat' dir='ltr'><strong>charissimi,</strong></span> <span class='ocrx_word' id='word_1_15' title='bbox 1183 821 1333 924; x_wconf 53' lang='lat' dir='ltr'><strong>vespm.</strong></span> <span class='ocrx_word' id='word_1_16' title='bbox 1411 858 1415 863; x_wconf 83' lang='lat'><strong>.</strong></span> 
     </span>
     <span class='ocr_line' id='line_1_4' title="bbox 220 885 1244 978; baseline 0.004 -20"><span class='ocrx_word' id='word_1_17' title='bbox 220 896 274 958; x_wconf 90' lang='lat' dir='ltr'><strong>his</strong></span> <span class='ocrx_word' id='word_1_18' title='bbox 289 895 409 958; x_wconf 89' lang='lat' dir='ltr'><strong>diebus</strong></span> <span class='ocrx_word' id='word_1_19' title='bbox 422 894 521 958; x_wconf 87' lang='lat' dir='ltr'><strong>vobis</strong></span> <span class='ocrx_word' id='word_1_20' title='bbox 539 895 633 958; x_wconf 85' lang='lat' dir='ltr'><strong>dicta</strong></span> <span class='ocrx_word' id='word_1_21' title='bbox 649 895 822 974; x_wconf 82' lang='lat' dir='ltr'><strong>recolitis3</strong></span> <span class='ocrx_word' id='word_1_22' title='bbox 845 896 1038 978; x_wconf 87' lang='lat' dir='ltr'><strong>quaedam</strong></span> <span class='ocrx_word' id='word_1_23' title='bbox 1027 915 1064 960; x_wconf 85' lang='lat' dir='ltr'><strong>rn</strong></span> <span class='ocrx_word' id='word_1_24' title='bbox 1087 885 1244 962; x_wconf 56' lang='lat' dir='ltr'><strong>con-&#39;W&#39;c</strong></span> 
     </span>
     <span class='ocr_line' id='line_1_5' title="bbox 220 993 1170 1077; baseline 0.002 -19"><span class='ocrx_word' id='word_1_25' title='bbox 220 995 299 1059; x_wconf 91' lang='lat' dir='ltr'><strong>cilio</strong></span> <span class='ocrx_word' id='word_1_26' title='bbox 314 993 463 1058; x_wconf 90' lang='lat' dir='ltr'><strong>nostro</strong></span> <span class='ocrx_word' id='word_1_27' title='bbox 448 1013 561 1076; x_wconf 76' lang='lat' dir='ltr'><strong>jussa,</strong></span> <span class='ocrx_word' id='word_1_28' title='bbox 576 994 737 1077; x_wconf 88' lang='lat' dir='ltr'><strong>quaedam</strong></span> <span class='ocrx_word' id='word_1_29' title='bbox 752 995 911 1059; x_wconf 84' lang='lat' dir='ltr'><strong>inhibita.</strong></span> <span class='ocrx_word' id='word_1_30' title='bbox 951 995 1170 1060; x_wconf 85' lang='lat' dir='ltr'><strong>Inconditum</strong></span> 
     </span>
     <span class='ocr_line' id='line_1_6' title="bbox 221 1093 1239 1177; baseline 0.005 -21"><span class='ocrx_word' id='word_1_31' title='bbox 221 1102 256 1158; x_wconf 94' lang='lat' dir='ltr'><strong>et</strong></span> <span class='ocrx_word' id='word_1_32' title='bbox 288 1093 470 1157; x_wconf 87' lang='lat' dir='ltr'><strong>confusum</strong></span> <span class='ocrx_word' id='word_1_33' title='bbox 499 1095 667 1158; x_wconf 91' lang='lat' dir='ltr'><strong>scelerum</strong></span> <span class='ocrx_word' id='word_1_34' title='bbox 704 1093 810 1159; x_wconf 90' lang='lat' dir='ltr'><strong>chaos</strong></span> <span class='ocrx_word' id='word_1_35' title='bbox 845 1096 1010 1177; x_wconf 79' lang='lat' dir='ltr'><strong>exigebat</strong></span> <span class='ocrx_word' id='word_1_36' title='bbox 1039 1095 1171 1162; x_wconf 88' lang='lat' dir='ltr'><strong>dierum</strong></span> <span class='ocrx_word' id='word_1_37' title='bbox 1235 1167 1239 1173; x_wconf 60' lang='grc'><em>,</em></span> 
     </span>
     <span class='ocr_line' id='line_1_7' title="bbox 221 1193 1173 1273; baseline 0.004 -17"><span class='ocrx_word' id='word_1_38' title='bbox 221 1193 408 1257; x_wconf 89' lang='lat' dir='ltr'><strong>multorum</strong></span> <span class='ocrx_word' id='word_1_39' title='bbox 425 1193 649 1257; x_wconf 89' lang='lat' dir='ltr'><strong>interstitium</strong></span> <span class='ocrx_word' id='word_1_40' title='bbox 662 1214 670 1273; x_wconf 92' lang='grc'>;</span> <span class='ocrx_word' id='word_1_41' title='bbox 696 1200 861 1258; x_wconf 87' lang='lat' dir='ltr'><strong>veternus</strong></span> <span class='ocrx_word' id='word_1_42' title='bbox 876 1196 1017 1258; x_wconf 85' lang='lat' dir='ltr'>morbus</span> <span class='ocrx_word' id='word_1_43' title='bbox 1033 1196 1173 1260; x_wconf 88' lang='lat' dir='ltr'><strong>volebat</strong></span> 
     </span>
     <span class='ocr_line' id='line_1_8' title="bbox 222 1293 1171 1374; baseline 0.003 -18"><span class='ocrx_word' id='word_1_44' title='bbox 222 1294 424 1356; x_wconf 79' lang='lat' dir='ltr'><strong>cauterium.</strong></span> <span class='ocrx_word' id='word_1_45' title='bbox 459 1293 553 1356; x_wconf 93' lang='lat' dir='ltr'><strong>Dum</strong></span> <span class='ocrx_word' id='word_1_46' title='bbox 567 1295 658 1357; x_wconf 91' lang='lat' dir='ltr'><strong>enim</strong></span> <span class='ocrx_word' id='word_1_47' title='bbox 670 1293 865 1374; x_wconf 82' lang='lat' dir='ltr'><strong>indulgenti</strong></span> <span class='ocrx_word' id='word_1_48' title='bbox 880 1294 962 1357; x_wconf 85' lang='lat' dir='ltr'><strong>fune</strong></span> <span class='ocrx_word' id='word_1_49' title='bbox 979 1295 1171 1360; x_wconf 90' lang='lat' dir='ltr'><strong>clementiae</strong></span> 
     </span>
     <span class='ocr_line' id='line_1_9' title="bbox 221 1391 1172 1475; baseline 0.002 -19"><span class='ocrx_word' id='word_1_50' title='bbox 221 1393 425 1457; x_wconf 85' lang='lat' dir='ltr'><strong>dimittimus</strong></span> <span class='ocrx_word' id='word_1_51' title='bbox 441 1391 580 1469; x_wconf 91' lang='lat' dir='ltr'><strong>lineam,</strong></span> <span class='ocrx_word' id='word_1_52' title='bbox 590 1394 701 1457; x_wconf 90' lang='lat' dir='ltr'><strong>multa</strong></span> <span class='ocrx_word' id='word_1_53' title='bbox 716 1393 819 1457; x_wconf 92' lang='lat' dir='ltr'><strong>modo</strong></span> <span class='ocrx_word' id='word_1_54' title='bbox 834 1393 1051 1475; x_wconf 88' lang='lat' dir='ltr'><strong>apostolatus</strong></span> <span class='ocrx_word' id='word_1_55' title='bbox 1062 1396 1172 1458; x_wconf 88' lang='lat' dir='ltr'><strong>nostri</strong></span> 
     </span>
    </p>

    <p class='ocr_par' dir='ltr' id='par_1_4' title="bbox 170 1489 1264 4063">
     <span class='ocr_line' id='line_1_10' title="bbox 170 1489 1171 1576; baseline 0.001 -20"><span class='ocrx_word' id='word_1_56' title='bbox 170 1492 174 1502; x_wconf 80' lang='grc'><em>“</em></span> <span class='ocrx_word' id='word_1_57' title='bbox 222 1491 364 1556; x_wconf 89' lang='lat' dir='ltr'><strong>offendit</strong></span> <span class='ocrx_word' id='word_1_58' title='bbox 395 1489 543 1556; x_wconf 92' lang='lat' dir='ltr'><strong>officium</strong></span> <span class='ocrx_word' id='word_1_59' title='bbox 577 1511 655 1574; x_wconf 86' lang='lat' dir='ltr'><strong>quac</strong></span> <span class='ocrx_word' id='word_1_60' title='bbox 683 1493 898 1576; x_wconf 86' lang='lat' dir='ltr'><strong>praecideret,</strong></span> <span class='ocrx_word' id='word_1_61' title='bbox 920 1494 1017 1557; x_wconf 91' lang='lat' dir='ltr'><strong>nulla</strong></span> <span class='ocrx_word' id='word_1_62' title='bbox 1047 1495 1171 1576; x_wconf 90' lang='lat' dir='ltr'><strong>quibus</strong></span> 
     </span>
     <span class='ocr_line' id='line_1_11' title="bbox 222 1591 1170 1675; baseline 0.003 -21"><span class='ocrx_word' id='word_1_63' title='bbox 222 1598 391 1674; x_wconf 85' lang='lat' dir='ltr'><strong>parceret.</strong></span> <span class='ocrx_word' id='word_1_64' title='bbox 444 1591 511 1654; x_wconf 89' lang='lat' dir='ltr'><strong>Sed</strong></span> <span class='ocrx_word' id='word_1_65' title='bbox 536 1593 640 1656; x_wconf 83' lang='lat' dir='ltr'><strong>fuerit</strong></span> <span class='ocrx_word' id='word_1_66' title='bbox 664 1592 832 1656; x_wconf 87' lang='lat' dir='ltr'><strong>hactenus</strong></span> <span class='ocrx_word' id='word_1_67' title='bbox 854 1593 1015 1656; x_wconf 87' lang='lat' dir='ltr'><strong>humanae</strong></span> <span class='ocrx_word' id='word_1_68' title='bbox 1038 1594 1170 1675; x_wconf 84' lang='lat' dir='ltr'><strong>fragili·</strong></span> 
     </span>
     <span class='ocr_line' id='line_1_12' title="bbox 222 1690 1171 1775; baseline 0.002 -21"><span class='ocrx_word' id='word_1_69' title='bbox 222 1691 304 1754; x_wconf 88' lang='lat' dir='ltr'><strong>tatis</strong></span> <span class='ocrx_word' id='word_1_70' title='bbox 331 1690 422 1773; x_wconf 92' lang='lat' dir='ltr'><strong>quod</strong></span> <span class='ocrx_word' id='word_1_71' title='bbox 454 1693 646 1773; x_wconf 80' lang='lat' dir='ltr'><strong>peccastis3</strong></span> <span class='ocrx_word' id='word_1_72' title='bbox 679 1692 783 1775; x_wconf 93' lang='lat' dir='ltr'><strong>quod,</strong></span> <span class='ocrx_word' id='word_1_73' title='bbox 809 1692 1047 1756; x_wconf 86' lang='lat' dir='ltr'><strong>illecebrarum</strong></span> <span class='ocrx_word' id='word_1_74' title='bbox 1071 1693 1171 1756; x_wconf 92' lang='lat' dir='ltr'><strong>invo-</strong></span> 
     </span>
     <span class='ocr_line' id='line_1_13' title="bbox 223 1791 1170 1874; baseline 0 -20"><span class='ocrx_word' id='word_1_75' title='bbox 223 1791 328 1854; x_wconf 92' lang='lat' dir='ltr'><strong>lucris</strong></span> <span class='ocrx_word' id='word_1_76' title='bbox 359 1791 476 1873; x_wconf 91' lang='lat' dir='ltr'><strong>sopiti,</strong></span> <span class='ocrx_word' id='word_1_77' title='bbox 506 1792 684 1855; x_wconf 90' lang='lat' dir='ltr'><strong>coelestem</strong></span> <span class='ocrx_word' id='word_1_78' title='bbox 715 1793 950 1874; x_wconf 85' lang='lat' dir='ltr'><strong>exasperastis</strong></span> <span class='ocrx_word' id='word_1_79' title='bbox 978 1793 1170 1856; x_wconf 87' lang='lat' dir='ltr'><strong>misericor-</strong></span> 
     </span>
     <span class='ocr_line' id='line_1_14' title="bbox 225 1890 1170 1974; baseline 0.004 -22"><span class='ocrx_word' id='word_1_80' title='bbox 225 1890 331 1966; x_wconf 89' lang='lat' dir='ltr'><strong>diam,</strong></span> <span class='ocrx_word' id='word_1_81' title='bbox 376 1908 579 1972; x_wconf 87' lang='lat' dir='ltr'><strong>suspensam</strong></span> <span class='ocrx_word' id='word_1_82' title='bbox 623 1891 903 1974; x_wconf 86' lang='lat' dir='ltr'><strong>parvipendendo</strong></span> <span class='ocrx_word' id='word_1_83' title='bbox 944 1893 1170 1956; x_wconf 90' lang='lat' dir='ltr'><strong>iracundiam.</strong></span> 
     </span>
     <span class='ocr_line' id='line_1_15' title="bbox 227 1989 1171 2073; baseline 0.002 -21"><span class='ocrx_word' id='word_1_84' title='bbox 227 1989 345 2052; x_wconf 88' lang='lat' dir='ltr'><strong>Fuerit</strong></span> <span class='ocrx_word' id='word_1_85' title='bbox 365 1991 549 2054; x_wconf 89' lang='lat' dir='ltr'><strong>mundanae</strong></span> <span class='ocrx_word' id='word_1_86' title='bbox 573 1991 783 2054; x_wconf 88' lang='lat' dir='ltr'><strong>temulentiae</strong></span> <span class='ocrx_word' id='word_1_87' title='bbox 798 1991 904 2072; x_wconf 87' lang='lat' dir='ltr'><strong>qnod,</strong></span> <span class='ocrx_word' id='word_1_88' title='bbox 925 1991 1080 2073; x_wconf 85' lang='lat' dir='ltr'><strong>legitima</strong></span> <span class='ocrx_word' id='word_1_89' title='bbox 1102 2012 1171 2056; x_wconf 92' lang='lat' dir='ltr'><strong>non</strong></span> 
     </span>
     <span class='ocr_line' id='line_1_16' title="bbox 218 2090 1172 2172; baseline 0.003 -20"><span class='ocrx_word' id='word_1_90' title='bbox 218 2095 388 2172; x_wconf 48' lang='lat' dir='ltr'><strong>,curantes</strong></span> <span class='ocrx_word' id='word_1_91' title='bbox 403 2090 634 2166; x_wconf 89' lang='lat' dir='ltr'><strong>matrimonia,</strong></span> <span class='ocrx_word' id='word_1_92' title='bbox 649 2091 753 2152; x_wconf 85' lang='lat' dir='ltr'><strong>alieni</strong></span> <span class='ocrx_word' id='word_1_93' title='bbox 770 2091 893 2153; x_wconf 93' lang='lat' dir='ltr'><strong>cubilis</strong></span> <span class='ocrx_word' id='word_1_94' title='bbox 910 2111 980 2155; x_wconf 92' lang='lat' dir='ltr'><strong>non</strong></span> <span class='ocrx_word' id='word_1_95' title='bbox 1000 2093 1172 2172; x_wconf 87' lang='lat' dir='ltr'><strong>pensastis</strong></span> 
     </span>
     <span class='ocr_line' id='line_1_17' title="bbox 215 2178 1172 2272; baseline 0.003 -21"><span class='ocrx_word' id='word_1_96' title='bbox 215 2178 399 2271; x_wconf 88' lang='lat' dir='ltr'><strong>¹njuriam.</strong></span> <span class='ocrx_word' id='word_1_97' title='bbox 452 2189 573 2253; x_wconf 87' lang='lat' dir='ltr'><strong>Fuerit</strong></span> <span class='ocrx_word' id='word_1_98' title='bbox 595 2189 773 2253; x_wconf 87' lang='lat' dir='ltr'><strong>aviditatis</strong></span> <span class='ocrx_word' id='word_1_99' title='bbox 796 2190 910 2253; x_wconf 90' lang='lat' dir='ltr'><strong>nimiae</strong></span> <span class='ocrx_word' id='word_1_100' title='bbox 933 2190 1024 2272; x_wconf 93' lang='lat' dir='ltr'><strong>quod</strong></span> <span class='ocrx_word' id='word_1_101' title='bbox 1047 2190 1172 2254; x_wconf 90' lang='lat' dir='ltr'><strong>fratres</strong></span> 
     </span>
     <span class='ocr_line' id='line_1_18' title="bbox 217 2285 1173 2371; baseline 0.003 -21"><span class='ocrx_word' id='word_1_102' title='bbox 217 2285 372 2364; x_wconf 68' lang='lat' dir='ltr'><strong>vestros,</strong></span> <span class='ocrx_word' id='word_1_103' title='bbox 394 2289 455 2352; x_wconf 92' lang='lat' dir='ltr'><strong>illo</strong></span> <span class='ocrx_word' id='word_1_104' title='bbox 477 2307 603 2370; x_wconf 84' lang='lat' dir='ltr'><strong>magno</strong></span> <span class='ocrx_word' id='word_1_105' title='bbox 626 2295 661 2352; x_wconf 92' lang='lat' dir='ltr'><strong>et</strong></span> <span class='ocrx_word' id='word_1_106' title='bbox 684 2289 804 2352; x_wconf 94' lang='lat' dir='ltr'><strong>eodem</strong></span> <span class='ocrx_word' id='word_1_107' title='bbox 831 2290 942 2371; x_wconf 89' lang='lat' dir='ltr'><strong>pretio</strong></span> <span class='ocrx_word' id='word_1_108' title='bbox 965 2296 1111 2371; x_wconf 88' lang='lat' dir='ltr'><strong>emptos,</strong></span> <span class='ocrx_word' id='word_1_109' title='bbox 1133 2296 1173 2353; x_wconf 91' lang='lat' dir='ltr'><strong>ut</strong></span> 
     </span>
     <span class='ocr_line' id='line_1_19' title="bbox 223 2387 1172 2472; baseline 0 -20"><span class='ocrx_word' id='word_1_110' title='bbox 223 2387 372 2469; x_wconf 77' lang='lat' dir='ltr'><strong>(luisque</strong></span> <span class='ocrx_word' id='word_1_111' title='bbox 394 2395 532 2470; x_wconf 87' lang='lat' dir='ltr'><strong>poterat</strong></span> <span class='ocrx_word' id='word_1_112' title='bbox 549 2388 789 2470; x_wconf 87' lang='lat' dir='ltr'><strong>illaqueantes,</strong></span> <span class='ocrx_word' id='word_1_113' title='bbox 806 2388 1052 2452; x_wconf 88' lang='lat' dir='ltr'><strong>contumeliose</strong></span> <span class='ocrx_word' id='word_1_114' title='bbox 1066 2408 1172 2472; x_wconf 89' lang='lat' dir='ltr'><strong>pecu·</strong></span> 
     </span>
     <span class='ocr_line' id='line_1_20' title="bbox 222 2487 1171 2571; baseline 0.003 -21"><span class='ocrx_word' id='word_1_115' title='bbox 222 2487 291 2550; x_wconf 90' lang='lat' dir='ltr'><strong>niis</strong></span> <span class='ocrx_word' id='word_1_116' title='bbox 313 2487 530 2552; x_wconf 85' lang='lat' dir='ltr'><strong>emunxistis.</strong></span> <span class='ocrx_word' id='word_1_117' title='bbox 582 2487 688 2553; x_wconf 91' lang='lat' dir='ltr'><strong>Nunc</strong></span> <span class='ocrx_word' id='word_1_118' title='bbox 711 2488 821 2565; x_wconf 88' lang='lat' dir='ltr'><strong>vobis,</strong></span> <span class='ocrx_word' id='word_1_119' title='bbox 846 2488 937 2551; x_wconf 88' lang='lat' dir='ltr'><strong>inter</strong></span> <span class='ocrx_word' id='word_1_120' title='bbox 959 2487 1028 2552; x_wconf 90' lang='lat' dir='ltr'><strong>ista</strong></span> <span class='ocrx_word' id='word_1_121' title='bbox 1049 2507 1171 2571; x_wconf 90' lang='lat' dir='ltr'><strong>pecca·</strong></span> 
     </span>
     <span class='ocr_line' id='line_1_21' title="bbox 221 2588 1172 2672; baseline 0.003 -23"><span class='ocrx_word' id='word_1_122' title='bbox 221 2595 337 2651; x_wconf 88' lang='lat' dir='ltr'><strong>torum</strong></span> <span class='ocrx_word' id='word_1_123' title='bbox 360 2588 542 2670; x_wconf 83' lang='lat' dir='ltr'><strong>naufragia</strong></span> <span class='ocrx_word' id='word_1_124' title='bbox 564 2589 774 2665; x_wconf 66' lang='lat' dir='ltr'><strong>constitutis</strong></span> <span class='ocrx_word' id='word_1_125' title='bbox 794 2596 916 2671; x_wconf 87' lang='lat' dir='ltr'><strong>portus</strong></span> <span class='ocrx_word' id='word_1_126' title='bbox 931 2588 1078 2671; x_wconf 86' lang='lat' dir='ltr'><strong>placidae</strong></span> <span class='ocrx_word' id='word_1_127' title='bbox 1095 2590 1172 2672; x_wconf 90' lang='lat' dir='ltr'><strong>qui·</strong></span> 
     </span>
     <span class='ocr_line' id='line_1_22' title="bbox 221 2687 1172 2769; baseline 0.002 -20"><span class='ocrx_word' id='word_1_128' title='bbox 221 2688 288 2750; x_wconf 90' lang='lat' dir='ltr'><strong>etis</strong></span> <span class='ocrx_word' id='word_1_129' title='bbox 318 2689 484 2769; x_wconf 88' lang='lat' dir='ltr'><strong>aperitur,</strong></span> <span class='ocrx_word' id='word_1_130' title='bbox 508 2688 575 2751; x_wconf 90' lang='lat' dir='ltr'><strong>nisi</strong></span> <span class='ocrx_word' id='word_1_131' title='bbox 603 2688 793 2769; x_wconf 85' lang='lat' dir='ltr'><strong>negligitis.</strong></span> <span class='ocrx_word' id='word_1_132' title='bbox 846 2687 953 2751; x_wconf 88' lang='lat' dir='ltr'><strong>Parvi</strong></span> <span class='ocrx_word' id='word_1_133' title='bbox 983 2689 1112 2753; x_wconf 88' lang='lat' dir='ltr'><strong>laboris</strong></span> <span class='ocrx_word' id='word_1_134' title='bbox 1135 2690 1172 2751; x_wconf 90' lang='lat' dir='ltr'><strong>in</strong></span> 
     </span>
     <span class='ocr_line' id='line_1_23' title="bbox 222 2786 1171 2870; baseline 0.004 -23"><span class='ocrx_word' id='word_1_135' title='bbox 222 2786 356 2850; x_wconf 80' lang='lat' dir='ltr'><strong>an&#39;cos</strong></span> <span class='ocrx_word' id='word_1_136' title='bbox 373 2787 575 2869; x_wconf 92' lang='lat' dir='ltr'><strong>compendio</strong></span> <span class='ocrx_word' id='word_1_137' title='bbox 592 2787 800 2852; x_wconf 86' lang='lat' dir='ltr'><strong>retribuetur</strong></span> <span class='ocrx_word' id='word_1_138' title='bbox 817 2788 911 2851; x_wconf 87' lang='lat' dir='ltr'><strong>vobis</strong></span> <span class='ocrx_word' id='word_1_139' title='bbox 925 2795 1101 2870; x_wconf 85' lang='lat' dir='ltr'><strong>perpetuae</strong></span> <span class='ocrx_word' id='word_1_140' title='bbox 1115 2807 1171 2851; x_wconf 86' lang='lat' dir='ltr'><strong>sa-</strong></span> 
     </span>
     <span class='ocr_line' id='line_1_24' title="bbox 223 2884 1264 2969; baseline 0.004 -22"><span class='ocrx_word' id='word_1_141' title='bbox 223 2884 306 2949; x_wconf 91' lang='lat' dir='ltr'><strong>lutis</strong></span> <span class='ocrx_word' id='word_1_142' title='bbox 332 2887 451 2949; x_wconf 87' lang='lat' dir='ltr'><strong>statio.</strong></span> <span class='ocrx_word' id='word_1_143' title='bbox 503 2886 712 2969; x_wconf 84' lang='lat' dir='ltr'><strong>Comparate</strong></span> <span class='ocrx_word' id='word_1_144' title='bbox 739 2906 832 2950; x_wconf 93' lang='lat' dir='ltr'><strong>nunc</strong></span> <span class='ocrx_word' id='word_1_145' title='bbox 863 2887 999 2951; x_wconf 88' lang='lat' dir='ltr'><strong>labores</strong></span> <span class='ocrx_word' id='word_1_146' title='bbox 1025 2889 1172 2969; x_wconf 87' lang='lat' dir='ltr'><strong>quasin</strong></span> <span class='ocrx_word' id='word_1_147' title='bbox 1260 2897 1264 2905; x_wconf 87' lang='lat'>&#39;</span> 
     </span>
     <span class='ocr_line' id='line_1_25' title="bbox 224 2986 1173 3067; baseline 0.003 -20"><span class='ocrx_word' id='word_1_148' title='bbox 224 2986 391 3048; x_wconf 89' lang='lat' dir='ltr'><strong>scelerum</strong></span> <span class='ocrx_word' id='word_1_149' title='bbox 404 2987 569 3049; x_wconf 88' lang='lat' dir='ltr'><strong>exercitio</strong></span> <span class='ocrx_word' id='word_1_150' title='bbox 584 2986 765 3063; x_wconf 64' lang='lat' dir='ltr'><strong>habuistis</strong></span> <span class='ocrx_word' id='word_1_151' title='bbox 778 2993 813 3050; x_wconf 90' lang='lat' dir='ltr'><strong>et</strong></span> <span class='ocrx_word' id='word_1_152' title='bbox 827 3004 985 3067; x_wconf 88' lang='lat' dir='ltr'><strong>eosquos</strong></span> <span class='ocrx_word' id='word_1_153' title='bbox 1000 2987 1036 3048; x_wconf 92' lang='lat' dir='ltr'><strong>in</strong></span> <span class='ocrx_word' id='word_1_154' title='bbox 1050 2987 1173 3050; x_wconf 91' lang='lat' dir='ltr'><strong>itinere</strong></span> 
     </span>
     <span class='ocr_line' id='line_1_26' title="bbox 224 3084 1171 3167; baseline 0.003 -21"><span class='ocrx_word' id='word_1_155' title='bbox 224 3084 316 3165; x_wconf 92' lang='lat' dir='ltr'><strong>quod</strong></span> <span class='ocrx_word' id='word_1_156' title='bbox 342 3085 506 3167; x_wconf 87' lang='lat' dir='ltr'><strong>praecipio</strong></span> <span class='ocrx_word' id='word_1_157' title='bbox 528 3084 680 3149; x_wconf 88' lang='lat' dir='ltr'><strong>habituri</strong></span> <span class='ocrx_word' id='word_1_158' title='bbox 704 3087 800 3149; x_wconf 86' lang='lat' dir='ltr'><strong>estis.</strong></span> <span class='ocrx_word' id='word_1_159' title='bbox 853 3085 978 3149; x_wconf 90' lang='lat' dir='ltr'><strong>Plures</strong></span> <span class='ocrx_word' id='word_1_160' title='bbox 993 3086 1049 3149; x_wconf 87' lang='lat' dir='ltr'><strong>vel</strong></span> <span class='ocrx_word' id='word_1_161' title='bbox 1073 3086 1171 3149; x_wconf 90' lang='lat' dir='ltr'><strong>adul·</strong></span> 
     </span>
     <span class='ocr_line' id='line_1_27' title="bbox 226 3184 1173 3271; baseline 0.003 -25"><span class='ocrx_word' id='word_1_162' title='bbox 226 3184 303 3246; x_wconf 89' lang='lat' dir='ltr'><strong>terii</strong></span> <span class='ocrx_word' id='word_1_163' title='bbox 330 3184 386 3247; x_wconf 92' lang='lat' dir='ltr'><strong>vel</strong></span> <span class='ocrx_word' id='word_1_164' title='bbox 408 3185 582 3248; x_wconf 88' lang='lat' dir='ltr'><strong>homicidii</strong></span> <span class='ocrx_word' id='word_1_165' title='bbox 608 3185 787 3250; x_wconf 89' lang='lat' dir='ltr'><strong>meditatio</strong></span> <span class='ocrx_word' id='word_1_166' title='bbox 818 3184 879 3249; x_wconf 88' lang='lat' dir='ltr'><strong>dat</strong></span> <span class='ocrx_word' id='word_1_167' title='bbox 900 3186 1042 3249; x_wconf 92' lang='lat' dir='ltr'><strong>timores</strong></span> <span class='ocrx_word' id='word_1_168' title='bbox 1069 3186 1173 3271; x_wconf 91' lang='lat' dir='ltr'><strong>(nihil</strong></span> 
     </span>
     <span class='ocr_line' id='line_1_28' title="bbox 225 3277 1173 3367; baseline 0.004 -22"><span class='ocrx_word' id='word_1_169' title='bbox 225 3284 315 3345; x_wconf 90' lang='lat' dir='ltr'><strong>enim</strong></span> <span class='ocrx_word' id='word_1_170' title='bbox 334 3284 488 3347; x_wconf 89' lang='lat' dir='ltr'><strong>timidius</strong></span> <span class='ocrx_word' id='word_1_171' title='bbox 503 3286 669 3365; x_wconf 89' lang='lat' dir='ltr'><strong>nequitia,</strong></span> <span class='ocrx_word' id='word_1_172' title='bbox 692 3292 731 3349; x_wconf 90' lang='lat' dir='ltr'><strong>ut</strong></span> <span class='ocrx_word' id='word_1_173' title='bbox 747 3286 798 3349; x_wconf 89' lang='lat' dir='ltr'><strong>ait</strong></span> <span class='ocrx_word' id='word_1_174' title='bbox 813 3277 1027 3367; x_wconf 74' lang='lat' dir='ltr'><strong>²Salomon),</strong></span> <span class='ocrx_word' id='word_1_175' title='bbox 1045 3286 1173 3350; x_wconf 89' lang='lat' dir='ltr'><strong>multos</strong></span> 
     </span>
     <span class='ocr_line' id='line_1_29' title="bbox 219 3382 1173 3467; baseline 0.005 -24"><span class='ocrx_word' id='word_1_176' title='bbox 219 3382 380 3462; x_wconf 88' lang='lat' dir='ltr'><strong>.labores;</strong></span> <span class='ocrx_word' id='word_1_177' title='bbox 410 3383 491 3465; x_wconf 94' lang='lat' dir='ltr'><strong>quid</strong></span> <span class='ocrx_word' id='word_1_178' title='bbox 524 3384 615 3446; x_wconf 92' lang='lat' dir='ltr'><strong>enim</strong></span> <span class='ocrx_word' id='word_1_179' title='bbox 643 3384 850 3448; x_wconf 86' lang='lat' dir='ltr'><strong>laboriosius</strong></span> <span class='ocrx_word' id='word_1_180' title='bbox 883 3383 1079 3467; x_wconf 69' lang='lat' dir='ltr'><strong>injustitia?</strong></span> <span class='ocrx_word' id='word_1_181' title='bbox 1112 3386 1173 3467; x_wconf 85' lang='lat' dir='ltr'><strong>qui</strong></span> 
     </span>
     <span class='ocr_line' id='line_1_30' title="bbox 224 3483 1172 3566; baseline 0.005 -23"><span class='ocrx_word' id='word_1_182' title='bbox 224 3487 340 3544; x_wconf 89' lang='lat' dir='ltr'><strong>antem</strong></span> <span class='ocrx_word' id='word_1_183' title='bbox 363 3483 518 3560; x_wconf 87' lang='lat' dir='ltr'><strong>ambulat</strong></span> <span class='ocrx_word' id='word_1_184' title='bbox 540 3483 752 3566; x_wconf 86' lang='lat' dir='ltr'><strong>simpliciter,</strong></span> <span class='ocrx_word' id='word_1_185' title='bbox 776 3484 931 3548; x_wconf 88' lang='lat' dir='ltr'><strong>ambulat</strong></span> <span class='ocrx_word' id='word_1_186' title='bbox 952 3485 1172 3549; x_wconf 90' lang='lat' dir='ltr'><strong>confidenter.</strong></span> 
     </span>
     <span class='ocr_line' id='line_1_31' title="bbox 224 3579 1174 3660; baseline 0.004 -17"><span class='ocrx_word' id='word_1_187' title='bbox 224 3579 364 3644; x_wconf 91' lang='lat' dir='ltr'><strong>Horum</strong></span> <span class='ocrx_word' id='word_1_188' title='bbox 392 3582 562 3659; x_wconf 89' lang='lat' dir='ltr'><strong>laborum,</strong></span> <span class='ocrx_word' id='word_1_189' title='bbox 592 3582 714 3646; x_wconf 89' lang='lat' dir='ltr'><strong>horum</strong></span> <span class='ocrx_word' id='word_1_190' title='bbox 743 3583 918 3660; x_wconf 89' lang='lat' dir='ltr'><strong>timorum,</strong></span> <span class='ocrx_word' id='word_1_191' title='bbox 950 3585 1065 3647; x_wconf 89' lang='lat' dir='ltr'><strong>exitus</strong></span> <span class='ocrx_word' id='word_1_192' title='bbox 1098 3592 1174 3647; x_wconf 89' lang='lat' dir='ltr'><strong>erat</strong></span> 
     </span>
     <span class='ocr_line' id='line_1_32' title="bbox 226 3682 1173 3773; baseline 0.003 -30"><span class='ocrx_word' id='word_1_193' title='bbox 226 3688 427 3761; x_wconf 84' lang='lat' dir='ltr'><strong>peccatum3</strong></span> <span class='ocrx_word' id='word_1_194' title='bbox 452 3682 661 3764; x_wconf 88' lang='lat' dir='ltr'><strong>stipendium</strong></span> <span class='ocrx_word' id='word_1_195' title='bbox 677 3690 792 3773; x_wconf 85' lang='lat' dir='ltr'><strong>autem</strong></span> <span class='ocrx_word' id='word_1_196' title='bbox 810 3684 944 3763; x_wconf 91' lang='lat' dir='ltr'><strong>peccati</strong></span> <span class='ocrx_word' id='word_1_197' title='bbox 962 3702 1066 3759; x_wconf 88' lang='lat' dir='ltr'><strong>mors,</strong></span> <span class='ocrx_word' id='word_1_198' title='bbox 1082 3703 1173 3746; x_wconf 93' lang='lat' dir='ltr'><strong>mors</strong></span> 
     </span>
     <span class='ocr_line' id='line_1_33' title="bbox 228 3780 1174 3865; baseline 0.002 -22"><span class='ocrx_word' id='word_1_199' title='bbox 228 3799 308 3844; x_wconf 85' lang='lat' dir='ltr'><strong>vero</strong></span> <span class='ocrx_word' id='word_1_200' title='bbox 322 3788 541 3863; x_wconf 87' lang='lat' dir='ltr'><strong>peccatorum</strong></span> <span class='ocrx_word' id='word_1_201' title='bbox 557 3782 715 3864; x_wconf 89' lang='lat' dir='ltr'><strong>pessima.</strong></span> <span class='ocrx_word' id='word_1_202' title='bbox 769 3780 874 3844; x_wconf 92' lang='lat' dir='ltr'><strong>Nunc</strong></span> <span class='ocrx_word' id='word_1_203' title='bbox 891 3800 913 3843; x_wconf 87' lang='lat' dir='ltr'><strong>a</strong></span> <span class='ocrx_word' id='word_1_204' title='bbox 929 3782 1028 3844; x_wconf 92' lang='lat' dir='ltr'><strong>vohis</strong></span> <span class='ocrx_word' id='word_1_205' title='bbox 1043 3800 1108 3865; x_wconf 88' lang='lat' dir='ltr'><strong>par</strong></span> <span class='ocrx_word' id='word_1_206' title='bbox 1122 3783 1174 3845; x_wconf 90' lang='lat' dir='ltr'><strong>la-</strong></span> 
     </span>
     <span class='ocr_line' id='line_1_34' title="bbox 226 3880 1174 3965; baseline 0.004 -23"><span class='ocrx_word' id='word_1_207' title='bbox 226 3880 290 3943; x_wconf 91' lang='lat' dir='ltr'><strong>bor</strong></span> <span class='ocrx_word' id='word_1_208' title='bbox 310 3886 415 3963; x_wconf 88' lang='lat' dir='ltr'><strong>atque</strong></span> <span class='ocrx_word' id='word_1_209' title='bbox 441 3888 552 3945; x_wconf 90' lang='lat' dir='ltr'><strong>metus</strong></span> <span class='ocrx_word' id='word_1_210' title='bbox 576 3883 687 3965; x_wconf 86' lang='lat' dir='ltr'><strong>pretio</strong></span> <span class='ocrx_word' id='word_1_211' title='bbox 712 3881 851 3945; x_wconf 88' lang='lat' dir='ltr'><strong>meliore</strong></span> <span class='ocrx_word' id='word_1_212' title='bbox 867 3887 1044 3963; x_wconf 90' lang='lat' dir='ltr'><strong>petuntur.</strong></span> <span class='ocrx_word' id='word_1_213' title='bbox 1097 3881 1174 3946; x_wconf 95' lang='lat' dir='ltr'><strong>Ho-</strong></span> 
     </span>
     <span class='ocr_line' id='line_1_35' title="bbox 226 3980 1174 4063; baseline 0.003 -21"><span class='ocrx_word' id='word_1_214' title='bbox 226 3999 302 4043; x_wconf 85' lang='lat' dir='ltr'><strong>rum</strong></span> <span class='ocrx_word' id='word_1_215' title='bbox 329 3980 487 4043; x_wconf 90' lang='lat' dir='ltr'><strong>laborum</strong></span> <span class='ocrx_word' id='word_1_216' title='bbox 512 3982 578 4043; x_wconf 89' lang='lat' dir='ltr'><strong>erit</strong></span> <span class='ocrx_word' id='word_1_217' title='bbox 604 4000 710 4044; x_wconf 86' lang='lat' dir='ltr'><strong>causa</strong></span> <span class='ocrx_word' id='word_1_218' title='bbox 738 3980 902 4057; x_wconf 88' lang='lat' dir='ltr'><strong>charitas,</strong></span> <span class='ocrx_word' id='word_1_219' title='bbox 928 3986 980 4057; x_wconf 91' lang='lat' dir='ltr'><strong>ut,</strong></span> <span class='ocrx_word' id='word_1_220' title='bbox 1000 3987 1174 4063; x_wconf 88' lang='lat' dir='ltr'><strong>praecepto</strong></span> 
     </span>
    </p>
   </div>
   <div class='ocr_carea' id='block_1_4' title="bbox 227 4224 1177 4362">
    <p class='ocr_par' dir='ltr' id='par_1_5' title="bbox 227 4224 1177 4362">
     <span class='ocr_line' id='line_1_36' title="bbox 261 4224 1177 4294; baseline 0.007 -17"><span class='ocrx_word' id='word_1_221' title='bbox 261 4224 269 4257; x_wconf 86' lang='lat'>¹</span> <span class='ocrx_word' id='word_1_222' title='bbox 289 4228 412 4294; x_wconf 71' lang='lat' dir='ltr'><strong>Fratres]</strong></span> <span class='ocrx_word' id='word_1_223' title='bbox 437 4229 472 4280; x_wconf 79' lang='lat' dir='ltr'><strong>A.</strong></span> <span class='ocrx_word' id='word_1_224' title='bbox 492 4231 521 4283; x_wconf 85' lang='lat' dir='ltr'><strong>S.</strong></span> <span class='ocrx_word' id='word_1_225' title='bbox 539 4232 567 4280; x_wconf 87' lang='lat' dir='ltr'><strong>C.</strong></span> <span class='ocrx_word' id='word_1_226' title='bbox 588 4231 623 4280; x_wconf 89' lang='lat' dir='ltr'><strong>D.</strong></span> <span class='ocrx_word' id='word_1_227' title='bbox 642 4232 690 4291; x_wconf 77' lang='lat'><strong>1..;</strong></span> <span class='ocrx_word' id='word_1_228' title='bbox 750 4227 907 4294; x_wconf 61' lang='grc' dir='ltr'><strong>2ιδἰιὶιηιιιιιι]</strong></span> <span class='ocrx_word' id='word_1_229' title='bbox 925 4231 954 4279; x_wconf 84' lang='lat' dir='ltr'><strong>S.</strong></span> <span class='ocrx_word' id='word_1_230' title='bbox 963 4231 998 4280; x_wconf 90' lang='lat' dir='ltr'><strong>D.</strong></span> <span class='ocrx_word' id='word_1_231' title='bbox 1010 4233 1059 4292; x_wconf 84' lang='lat' dir='ltr'><strong>E.;</strong></span> <span class='ocrx_word' id='word_1_232' title='bbox 1075 4248 1120 4294; x_wconf 89' lang='lat' dir='ltr'><strong>per</strong></span> <span class='ocrx_word' id='word_1_233' title='bbox 1131 4234 1177 4283; x_wconf 85' lang='lat' dir='ltr'><strong>Sa·</strong></span> 
     </span>
     <span class='ocr_line' id='line_1_37' title="bbox 227 4299 1024 4362; baseline 0.008 -17"><span class='ocrx_word' id='word_1_234' title='bbox 227 4299 330 4347; x_wconf 87' lang='lat' dir='ltr'><strong>omitted</strong></span> <span class='ocrx_word' id='word_1_235' title='bbox 342 4300 368 4358; x_wconf 91' lang='lat' dir='ltr'><strong>in</strong></span> <span class='ocrx_word' id='word_1_236' title='bbox 381 4301 412 4351; x_wconf 84' lang='grc' dir='ltr'><strong>Ε.</strong></span> <span class='ocrx_word' id='word_1_237' title='bbox 716 4302 836 4349; x_wconf 85' lang='lat' dir='ltr'><strong>lamonem</strong></span> <span class='ocrx_word' id='word_1_238' title='bbox 848 4301 982 4362; x_wconf 86' lang='lat' dir='ltr'><strong>sapientia,</strong></span> <span class='ocrx_word' id='word_1_239' title='bbox 993 4302 1024 4351; x_wconf 75' lang='lat'><strong>1..</strong></span> 
     </span>
    </p>
   </div>
   <div class='ocr_carea' id='block_1_5' title="bbox 0 0 1590 5025">
    <p class='ocr_par' dir='ltr' id='par_1_6' title="bbox 0 0 1590 5025">
     <span class='ocr_line' id='line_1_38' title="bbox 0 0 1590 5025; baseline 0 0"><span class='ocrx_word' id='word_1_240' title='bbox 0 0 1590 5025; x_wconf 95' lang='lat' dir='ltr'><strong> </strong></span> 
     </span>
    </p>
   </div>
  </div>
 </body>
</html>
