<?xml version="1.0" encoding="UTF-8"?>
<!DOCTYPE html PUBLIC "-//W3C//DTD XHTML 1.0 Transitional//EN"
    "http://www.w3.org/TR/xhtml1/DTD/xhtml1-transitional.dtd">
<html xmlns="http://www.w3.org/1999/xhtml" xml:lang="en" lang="en">
 <head>
  <title>
</title>
<meta http-equiv="Content-Type" content="text/html;charset=utf-8" />
  <meta name='ocr-system' content='tesseract 3.04.00' />
  <meta name='ocr-capabilities' content='ocr_page ocr_carea ocr_par ocr_line ocrx_word'/>
</head>
<body>
  <div class='ocr_page' id='page_1' title='image "./willelmimalmesb01willgoog_0115.png"; bbox 0 0 3142 5025; ppageno 0'>
   <div class='ocr_carea' id='block_1_1' title="bbox 372 535 1329 616">
    <p class='ocr_par' dir='ltr' id='par_1_1' title="bbox 372 535 1329 616">
     <span class='ocr_line' id='line_1_1' title="bbox 372 535 1329 616; baseline -0.015 -9"><span class='ocrx_word' id='word_1_1' title='bbox 372 545 438 609; x_wconf 79' lang='lat'><strong>472</strong></span> <span class='ocrx_word' id='word_1_2' title='bbox 598 557 712 606; x_wconf 74' lang='lat' dir='ltr'><strong>cussa</strong></span> <span class='ocrx_word' id='word_1_3' title='bbox 734 557 861 604; x_wconf 85' lang='lat' dir='ltr'><strong>nucuu</strong></span> <span class='ocrx_word' id='word_1_4' title='bbox 884 553 1098 603; x_wconf 75' lang='lat' dir='ltr'><strong>aucuoauu.</strong></span> <span class='ocrx_word' id='word_1_5' title='bbox 1171 535 1256 616; x_wconf 79' lang='lat' dir='ltr'><strong>[ura.</strong></span> <span class='ocrx_word' id='word_1_6' title='bbox 1276 549 1329 596; x_wconf 87' lang='grc' dir='ltr'><strong>ιιι.</strong></span> 
     </span>
    </p>
   </div>
   <div class='ocr_carea' id='block_1_2' title="bbox 376 708 1329 998">
    <p class='ocr_par' dir='ltr' id='par_1_2' title="bbox 376 708 1329 998">
     <span class='ocr_line' id='line_1_2' title="bbox 376 708 1329 791; baseline -0.012 -10"><span class='ocrx_word' id='word_1_7' title='bbox 376 718 628 782; x_wconf 87' lang='lat' dir='ltr'><strong>Eboracensem</strong></span> <span class='ocrx_word' id='word_1_8' title='bbox 643 716 836 791; x_wconf 86' lang='lat' dir='ltr'><strong>volutatur,</strong></span> <span class='ocrx_word' id='word_1_9' title='bbox 852 712 1056 778; x_wconf 83' lang='lat' dir='ltr'><strong>describam.</strong></span> <span class='ocrx_word' id='word_1_10' title='bbox 1109 708 1165 772; x_wconf 90' lang='lat' dir='ltr'><strong>De</strong></span> <span class='ocrx_word' id='word_1_11' title='bbox 1187 725 1258 788; x_wconf 90' lang='lat' dir='ltr'><strong>qua</strong></span> <span class='ocrx_word' id='word_1_12' title='bbox 1279 725 1329 781; x_wconf 87' lang='lat' dir='ltr'><strong>re,</strong></span> 
     </span>
     <span class='ocr_line' id='line_1_3' title="bbox 377 807 1329 900; baseline -0.014 -19"><span class='ocrx_word' id='word_1_13' title='bbox 377 825 415 881; x_wconf 93' lang='lat' dir='ltr'><strong>ut</strong></span> <span class='ocrx_word' id='word_1_14' title='bbox 432 818 535 900; x_wconf 89' lang='lat' dir='ltr'><strong>plane</strong></span> <span class='ocrx_word' id='word_1_15' title='bbox 557 815 673 880; x_wconf 85' lang='lat' dir='ltr'><strong>norint</strong></span> <span class='ocrx_word' id='word_1_16' title='bbox 691 815 833 898; x_wconf 86' lang='lat' dir='ltr'><strong>posteri,</strong></span> <span class='ocrx_word' id='word_1_17' title='bbox 852 810 1032 897; x_wconf 89' lang='lat' dir='ltr'><strong>quidinde</strong></span> <span class='ocrx_word' id='word_1_18' title='bbox 1053 807 1190 890; x_wconf 82' lang='lat' dir='ltr'><strong>antiqui</strong></span> <span class='ocrx_word' id='word_1_19' title='bbox 1211 811 1329 888; x_wconf 89' lang='lat' dir='ltr'><strong>patres</strong></span> 
     </span>
     <span class='ocr_line' id='line_1_4' title="bbox 377 917 745 998; baseline -0.008 -18"><span class='ocrx_word' id='word_1_20' title='bbox 377 917 547 981; x_wconf 78' lang='lat' dir='ltr'><strong>senserint</strong></span> <span class='ocrx_word' id='word_1_21' title='bbox 561 934 745 998; x_wconf 89' lang='lat' dir='ltr'><strong>apponam.</strong></span> 
     </span>
    </p>
   </div>
   <div class='ocr_carea' id='block_1_3' title="bbox 379 1145 1331 1302">
    <p class='ocr_par' dir='ltr' id='par_1_3' title="bbox 379 1145 1331 1302">
     <span class='ocr_line' id='line_1_5' title="bbox 379 1145 1331 1216; baseline -0.016 -11"><span class='ocrx_word' id='word_1_22' title='bbox 379 1157 477 1216; x_wconf 85' lang='lat' dir='ltr'>QUOD</span> <span class='ocrx_word' id='word_1_23' title='bbox 495 1154 615 1203; x_wconf 78' lang='lat' dir='ltr'>OMNES</span> <span class='ocrx_word' id='word_1_24' title='bbox 630 1152 789 1201; x_wconf 75' lang='lat' dir='ltr'><strong>urlscorl</strong></span> <span class='ocrx_word' id='word_1_25' title='bbox 813 1149 942 1198; x_wconf 71' lang='lat' dir='ltr'><strong>reulus</strong></span> <span class='ocrx_word' id='word_1_26' title='bbox 966 1145 1179 1195; x_wconf 81' lang='lat' dir='ltr'><strong>BRl&#39;l&#39;ANNlAE</strong></span> <span class='ocrx_word' id='word_1_27' title='bbox 1195 1145 1331 1192; x_wconf 75' lang='lat' dir='ltr'><strong>sucul-</strong></span> 
     </span>
     <span class='ocr_line' id='line_1_6' title="bbox 487 1245 1221 1302; baseline -0.014 0"><span class='ocrx_word' id='word_1_28' title='bbox 487 1255 652 1302; x_wconf 71' lang='lat' dir='ltr'><strong>urlscoro</strong></span> <span class='ocrx_word' id='word_1_29' title='bbox 675 1249 919 1301; x_wconf 80' lang='lat' dir='ltr'>DOROBERNIAE</span> <span class='ocrx_word' id='word_1_30' title='bbox 942 1245 1221 1295; x_wconf 77' lang='lat' dir='ltr'><strong>SUBJIGIANTUR.</strong></span> 
     </span>
    </p>
   </div>
   <div class='ocr_carea' id='block_1_4' title="bbox 464 1354 1255 1542">
    <p class='ocr_par' dir='ltr' id='par_1_4' title="bbox 464 1354 1255 1542">
     <span class='ocr_line' id='line_1_7' title="bbox 464 1354 1255 1447; baseline -0.015 -21"><span class='ocrx_word' id='word_1_31' title='bbox 464 1359 636 1447; x_wconf 77' lang='lat' dir='ltr'><em>Gregorius</em></span> <span class='ocrx_word' id='word_1_32' title='bbox 655 1381 743 1444; x_wconf 89' lang='lat' dir='ltr'><strong>popo</strong></span> <span class='ocrx_word' id='word_1_33' title='bbox 757 1355 934 1439; x_wconf 75' lang='lat' dir='ltr'><strong>Augustino</strong></span> <span class='ocrx_word' id='word_1_34' title='bbox 952 1354 1055 1443; x_wconf 87' lang='lat' dir='ltr'><strong>primo</strong></span> <span class='ocrx_word' id='word_1_35' title='bbox 1078 1354 1255 1438; x_wconf 79' lang='lat' dir='ltr'><strong>Auglorum</strong></span> 
     </span>
     <span class='ocr_line' id='line_1_8' title="bbox 624 1456 1080 1542; baseline -0.013 -20"><span class='ocrx_word' id='word_1_36' title='bbox 624 1457 852 1542; x_wconf 79' lang='lat' dir='ltr'><strong>archiepiscopo</strong></span> <span class='ocrx_word' id='word_1_37' title='bbox 868 1456 1080 1519; x_wconf 78' lang='lat' dir='ltr'><strong>Doroberuiae.</strong></span> 
     </span>
    </p>
   </div>
   <div class='ocr_carea' id='block_1_5' title="bbox 382 1576 1337 2059">
    <p class='ocr_par' dir='ltr' id='par_1_5' title="bbox 382 1576 1337 2059">
     <span class='ocr_line' id='line_1_9' title="bbox 434 1576 1334 1667; baseline -0.01 -20"><span class='ocrx_word' id='word_1_38' title='bbox 434 1583 543 1667; x_wconf 65' lang='lat'><strong>5295.</strong></span> <span class='ocrx_word' id='word_1_39' title='bbox 568 1582 667 1650; x_wconf 85' lang='lat' dir='ltr'><strong>‘Tua</strong></span> <span class='ocrx_word' id='word_1_40' title='bbox 681 1580 880 1644; x_wconf 84' lang='lat' dir='ltr'><strong>fraternitas</strong></span> <span class='ocrx_word' id='word_1_41' title='bbox 897 1599 966 1644; x_wconf 92' lang='lat' dir='ltr'><strong>non</strong></span> <span class='ocrx_word' id='word_1_42' title='bbox 983 1579 1096 1643; x_wconf 92' lang='lat' dir='ltr'><strong>solum</strong></span> <span class='ocrx_word' id='word_1_43' title='bbox 1118 1597 1178 1641; x_wconf 88' lang='lat' dir='ltr'><strong>cos</strong></span> <span class='ocrx_word' id='word_1_44' title='bbox 1200 1576 1334 1659; x_wconf 89' lang='lat' dir='ltr'><strong>episco-</strong></span> 
     </span>
     <span class='ocr_line' id='line_1_10' title="bbox 382 1675 1335 1768; baseline -0.01 -21"><span class='ocrx_word' id='word_1_45' title='bbox 382 1703 447 1768; x_wconf 89' lang='lat' dir='ltr'><strong>pos</strong></span> <span class='ocrx_word' id='word_1_46' title='bbox 465 1702 551 1765; x_wconf 86' lang='lat' dir='ltr'><strong>quos</strong></span> <span class='ocrx_word' id='word_1_47' title='bbox 573 1680 796 1756; x_wconf 77' lang='lat' dir='ltr'><strong>ordinaverit,</strong></span> <span class='ocrx_word' id='word_1_48' title='bbox 814 1699 927 1762; x_wconf 90' lang='lat' dir='ltr'><strong>neque</strong></span> <span class='ocrx_word' id='word_1_49' title='bbox 942 1679 1006 1743; x_wconf 92' lang='lat' dir='ltr'><strong>hos</strong></span> <span class='ocrx_word' id='word_1_50' title='bbox 1018 1676 1257 1742; x_wconf 90' lang='lat' dir='ltr'><strong>tantummodo</strong></span> <span class='ocrx_word' id='word_1_51' title='bbox 1275 1675 1335 1757; x_wconf 92' lang='lat' dir='ltr'><strong>qui</strong></span> 
     </span>
     <span class='ocr_line' id='line_1_11' title="bbox 385 1773 1337 1867; baseline -0.011 -21"><span class='ocrx_word' id='word_1_52' title='bbox 385 1803 447 1867; x_wconf 88' lang='lat' dir='ltr'><strong>per</strong></span> <span class='ocrx_word' id='word_1_53' title='bbox 458 1776 729 1848; x_wconf 87' lang='lat' dir='ltr'><strong>¹Eboracensem</strong></span> <span class='ocrx_word' id='word_1_54' title='bbox 741 1781 940 1862; x_wconf 87' lang='lat' dir='ltr'><strong>episcopum</strong></span> <span class='ocrx_word' id='word_1_55' title='bbox 955 1778 1084 1842; x_wconf 90' lang='lat' dir='ltr'><strong>fuerint</strong></span> <span class='ocrx_word' id='word_1_56' title='bbox 1099 1775 1261 1851; x_wconf 88' lang='lat' dir='ltr'><strong>ordinati,</strong></span> <span class='ocrx_word' id='word_1_57' title='bbox 1275 1773 1337 1837; x_wconf 88' lang='lat' dir='ltr'><strong>sed</strong></span> 
     </span>
     <span class='ocr_line' id='line_1_12' title="bbox 386 1874 1336 1954; baseline -0.011 -7"><span class='ocrx_word' id='word_1_58' title='bbox 386 1883 491 1947; x_wconf 88' lang='lat' dir='ltr'><strong>etiam</strong></span> <span class='ocrx_word' id='word_1_59' title='bbox 515 1900 634 1947; x_wconf 87' lang='lat' dir='ltr'><strong>omues</strong></span> <span class='ocrx_word' id='word_1_60' title='bbox 655 1880 849 1948; x_wconf 85' lang='lat' dir='ltr'><strong>Britanniae</strong></span> <span class='ocrx_word' id='word_1_61' title='bbox 864 1878 1074 1954; x_wconf 66' lang='lat' dir='ltr'><strong>sacerdotes</strong></span> <span class='ocrx_word' id='word_1_62' title='bbox 1097 1875 1237 1950; x_wconf 89' lang='lat' dir='ltr'><strong>habeat,</strong></span> <span class='ocrx_word' id='word_1_63' title='bbox 1259 1874 1336 1938; x_wconf 88' lang='lat' dir='ltr'><strong>Deo</strong></span> 
     </span>
     <span class='ocr_line' id='line_1_13' title="bbox 387 1973 1321 2059; baseline -0.016 -9"><span class='ocrx_word' id='word_1_64' title='bbox 387 1982 538 2050; x_wconf 90' lang='lat' dir='ltr'><strong>Domino</strong></span> <span class='ocrx_word' id='word_1_65' title='bbox 553 1987 673 2046; x_wconf 87' lang='lat' dir='ltr'><strong>nostro</strong></span> <span class='ocrx_word' id='word_1_66' title='bbox 688 1979 712 2044; x_wconf 87' lang='lat' dir='ltr'><strong>J</strong></span> <span class='ocrx_word' id='word_1_67' title='bbox 715 1999 776 2043; x_wconf 88' lang='lat' dir='ltr'><strong>esu</strong></span> <span class='ocrx_word' id='word_1_68' title='bbox 793 1977 934 2044; x_wconf 84' lang='lat' dir='ltr'><strong>Christo</strong></span> <span class='ocrx_word' id='word_1_69' title='bbox 951 1983 1104 2053; x_wconf 88' lang='lat' dir='ltr'><strong>auctore,</strong></span> <span class='ocrx_word' id='word_1_70' title='bbox 1121 1973 1321 2059; x_wconf 89' lang='lat' dir='ltr'><strong>subjectos.’</strong></span> 
     </span>
    </p>
   </div>
   <div class='ocr_carea' id='block_1_6' title="bbox 481 2174 1244 2264">
    <p class='ocr_par' dir='ltr' id='par_1_6' title="bbox 481 2174 1244 2264">
     <span class='ocr_line' id='line_1_14' title="bbox 481 2174 1244 2264; baseline -0.005 -22"><span class='ocrx_word' id='word_1_71' title='bbox 481 2177 668 2264; x_wconf 81' lang='lat' dir='ltr'><strong>Bouisocius</strong></span> <span class='ocrx_word' id='word_1_72' title='bbox 683 2179 775 2242; x_wconf 82' lang='lat' dir='ltr'><strong>Justo</strong></span> <span class='ocrx_word' id='word_1_73' title='bbox 789 2176 1018 2262; x_wconf 77' lang='lat' dir='ltr'><strong>archiepiscopo</strong></span> <span class='ocrx_word' id='word_1_74' title='bbox 1033 2174 1244 2239; x_wconf 78' lang='lat' dir='ltr'><strong>Dorobcrniae.</strong></span> 
     </span>
    </p>
   </div>
   <div class='ocr_carea' id='block_1_7' title="bbox 389 2298 1350 4054">
    <p class='ocr_par' dir='ltr' id='par_1_7' title="bbox 389 2298 1350 4054">
     <span class='ocr_line' id='line_1_15' title="bbox 439 2298 1340 2384; baseline -0.002 -20"><span class='ocrx_word' id='word_1_75' title='bbox 439 2300 457 2384; x_wconf 56' lang='grc' dir='ltr'><strong>ᾗ</strong></span> <span class='ocrx_word' id='word_1_76' title='bbox 484 2299 561 2364; x_wconf 77' lang='lat'><strong>296.</strong></span> <span class='ocrx_word' id='word_1_77' title='bbox 585 2298 711 2363; x_wconf 82' lang='lat' dir='ltr'><strong>‘Absit</strong></span> <span class='ocrx_word' id='word_1_78' title='bbox 736 2302 780 2364; x_wconf 91' lang='lat' dir='ltr'><strong>ab</strong></span> <span class='ocrx_word' id='word_1_79' title='bbox 810 2301 904 2365; x_wconf 88' lang='lat' dir='ltr'><strong>omni</strong></span> <span class='ocrx_word' id='word_1_80' title='bbox 924 2300 1123 2365; x_wconf 87' lang='lat' dir='ltr'><strong>Christiano</strong></span> <span class='ocrx_word' id='word_1_81' title='bbox 1146 2308 1187 2364; x_wconf 93' lang='lat' dir='ltr'><strong>ut</strong></span> <span class='ocrx_word' id='word_1_82' title='bbox 1208 2320 1254 2363; x_wconf 85' lang='lat' dir='ltr'><strong>ex</strong></span> <span class='ocrx_word' id='word_1_83' title='bbox 1277 2300 1340 2363; x_wconf 88' lang='lat' dir='ltr'><strong>illa</strong></span> 
     </span>
     <span class='ocr_line' id='line_1_16' title="bbox 389 2397 1341 2482; baseline -0.002 -20"><span class='ocrx_word' id='word_1_84' title='bbox 389 2400 530 2464; x_wconf 88' lang='lat' dir='ltr'><strong>civitate</strong></span> <span class='ocrx_word' id='word_1_85' title='bbox 542 2400 761 2464; x_wconf 88' lang='lat' dir='ltr'><strong>Dorobernia</strong></span> <span class='ocrx_word' id='word_1_86' title='bbox 774 2400 906 2482; x_wconf 90' lang='lat' dir='ltr'><strong>aliquid</strong></span> <span class='ocrx_word' id='word_1_87' title='bbox 917 2401 1105 2478; x_wconf 91' lang='lat' dir='ltr'><strong>minuatur,</strong></span> <span class='ocrx_word' id='word_1_88' title='bbox 1120 2401 1231 2463; x_wconf 88' lang='lat' dir='ltr'><strong>autin</strong></span> <span class='ocrx_word' id='word_1_89' title='bbox 1245 2397 1341 2463; x_wconf 86' lang='lat' dir='ltr'><strong>aliud</strong></span> 
     </span>
     <span class='ocr_line' id='line_1_17' title="bbox 390 2499 1342 2583; baseline -0.001 -21"><span class='ocrx_word' id='word_1_90' title='bbox 390 2506 554 2578; x_wconf 88' lang='lat' dir='ltr'><strong>mutetur,</strong></span> <span class='ocrx_word' id='word_1_91' title='bbox 582 2520 673 2563; x_wconf 94' lang='lat' dir='ltr'><strong>nunc</strong></span> <span class='ocrx_word' id='word_1_92' title='bbox 705 2499 761 2564; x_wconf 86' lang='lat' dir='ltr'><strong>vel</strong></span> <span class='ocrx_word' id='word_1_93' title='bbox 793 2499 920 2563; x_wconf 87' lang='lat' dir='ltr'><strong>futuris</strong></span> <span class='ocrx_word' id='word_1_94' title='bbox 950 2500 1174 2583; x_wconf 88' lang='lat' dir='ltr'><strong>temporibus,</strong></span> <span class='ocrx_word' id='word_1_95' title='bbox 1207 2520 1287 2583; x_wconf 85' lang='lat' dir='ltr'><strong>quae</strong></span> <span class='ocrx_word' id='word_1_96' title='bbox 1319 2518 1342 2561; x_wconf 89' lang='lat' dir='ltr'><strong>a</strong></span> 
     </span>
     <span class='ocr_line' id='line_1_18' title="bbox 391 2598 1341 2682; baseline 0.002 -21"><span class='ocrx_word' id='word_1_97' title='bbox 391 2599 644 2682; x_wconf 86' lang='lat' dir='ltr'><strong>praedecessore</strong></span> <span class='ocrx_word' id='word_1_98' title='bbox 663 2606 783 2663; x_wconf 90' lang='lat' dir='ltr'><strong>nostro</strong></span> <span class='ocrx_word' id='word_1_99' title='bbox 804 2598 943 2663; x_wconf 90' lang='lat' dir='ltr'><strong>domino</strong></span> <span class='ocrx_word' id='word_1_100' title='bbox 965 2618 1059 2682; x_wconf 88' lang='lat' dir='ltr'><strong>papa</strong></span> <span class='ocrx_word' id='word_1_101' title='bbox 1074 2598 1246 2681; x_wconf 81' lang='lat' dir='ltr'><strong>Gregorio</strong></span> <span class='ocrx_word' id='word_1_102' title='bbox 1268 2607 1341 2663; x_wconf 84' lang='lat' dir='ltr'><strong>sta·</strong></span> 
     </span>
     <span class='ocr_line' id='line_1_19' title="bbox 392 2698 1341 2781; baseline 0 -19"><span class='ocrx_word' id='word_1_103' title='bbox 392 2705 471 2762; x_wconf 87' lang='lat' dir='ltr'><strong>tuta</strong></span> <span class='ocrx_word' id='word_1_104' title='bbox 485 2705 580 2774; x_wconf 86' lang='lat' dir='ltr'><strong>sunt,</strong></span> <span class='ocrx_word' id='word_1_105' title='bbox 594 2717 734 2781; x_wconf 92' lang='lat' dir='ltr'><strong>quoquo</strong></span> <span class='ocrx_word' id='word_1_106' title='bbox 750 2698 923 2761; x_wconf 89' lang='lat' dir='ltr'><strong>moderes</strong></span> <span class='ocrx_word' id='word_1_107' title='bbox 939 2698 1098 2763; x_wconf 86' lang='lat' dir='ltr'><strong>humanae</strong></span> <span class='ocrx_word' id='word_1_108' title='bbox 1114 2706 1341 2781; x_wconf 84' lang='lat' dir='ltr'><strong>quassantur:</strong></span> 
     </span>
     <span class='ocr_line' id='line_1_20' title="bbox 394 2792 1343 2882; baseline -0.001 -21"><span class='ocrx_word' id='word_1_109' title='bbox 394 2797 454 2861; x_wconf 88' lang='lat' dir='ltr'><strong>sed</strong></span> <span class='ocrx_word' id='word_1_110' title='bbox 469 2798 582 2879; x_wconf 86' lang='lat' dir='ltr'><strong>magis</strong></span> <span class='ocrx_word' id='word_1_111' title='bbox 598 2817 641 2860; x_wconf 87' lang='lat' dir='ltr'><strong>ex</strong></span> <span class='ocrx_word' id='word_1_112' title='bbox 657 2792 866 2861; x_wconf 87' lang='lat' dir='ltr'><strong>auctoritate</strong></span> <span class='ocrx_word' id='word_1_113' title='bbox 879 2798 974 2861; x_wconf 88' lang='lat' dir='ltr'><strong>beati</strong></span> <span class='ocrx_word' id='word_1_114' title='bbox 992 2796 1089 2862; x_wconf 91' lang='lat' dir='ltr'><strong>Petri</strong></span> <span class='ocrx_word' id='word_1_115' title='bbox 1106 2799 1343 2882; x_wconf 87' lang='lat' dir='ltr'><strong>apostolorum</strong></span> 
     </span>
     <span class='ocr_line' id='line_1_21' title="bbox 394 2897 1342 2980; baseline -0.002 -19"><span class='ocrx_word' id='word_1_116' title='bbox 394 2898 560 2980; x_wconf 87' lang='lat' dir='ltr'><strong>principis</strong></span> <span class='ocrx_word' id='word_1_117' title='bbox 582 2897 617 2959; x_wconf 92' lang='lat' dir='ltr'><strong>id</strong></span> <span class='ocrx_word' id='word_1_118' title='bbox 636 2898 751 2979; x_wconf 88' lang='lat' dir='ltr'><strong>ipsum</strong></span> <span class='ocrx_word' id='word_1_119' title='bbox 770 2897 1011 2979; x_wconf 65' lang='lat' dir='ltr'><strong>praecipientes</strong></span> <span class='ocrx_word' id='word_1_120' title='bbox 1033 2897 1221 2974; x_wconf 87' lang='lat' dir='ltr'><strong>firmamus,</strong></span> <span class='ocrx_word' id='word_1_121' title='bbox 1245 2898 1342 2961; x_wconf 91' lang='lat' dir='ltr'><strong>utin</strong></span> 
     </span>
     <span class='ocr_line' id='line_1_22' title="bbox 396 2996 1346 3079; baseline -0.002 -19"><span class='ocrx_word' id='word_1_122' title='bbox 396 2996 613 3060; x_wconf 89' lang='lat' dir='ltr'><strong>Dorobernia</strong></span> <span class='ocrx_word' id='word_1_123' title='bbox 638 2997 779 3060; x_wconf 89' lang='lat' dir='ltr'><strong>civitate</strong></span> <span class='ocrx_word' id='word_1_124' title='bbox 802 3015 940 3079; x_wconf 80' lang='lat' dir='ltr'><strong>semper</strong></span> <span class='ocrx_word' id='word_1_125' title='bbox 959 2997 998 3059; x_wconf 91' lang='lat' dir='ltr'><strong>in</strong></span> <span class='ocrx_word' id='word_1_126' title='bbox 1018 3004 1196 3078; x_wconf 91' lang='lat' dir='ltr'><strong>posterum</strong></span> <span class='ocrx_word' id='word_1_127' title='bbox 1219 3003 1346 3059; x_wconf 89' lang='lat' dir='ltr'><strong>metro-</strong></span> 
     </span>
     <span class='ocr_line' id='line_1_23' title="bbox 396 3095 1344 3177; baseline 0 -19"><span class='ocrx_word' id='word_1_128' title='bbox 396 3095 572 3177; x_wconf 88' lang='lat' dir='ltr'><strong>politanus</strong></span> <span class='ocrx_word' id='word_1_129' title='bbox 597 3095 704 3158; x_wconf 88' lang='lat' dir='ltr'><strong>totius</strong></span> <span class='ocrx_word' id='word_1_130' title='bbox 721 3095 914 3158; x_wconf 85' lang='lat' dir='ltr'><strong>Britanniae</strong></span> <span class='ocrx_word' id='word_1_131' title='bbox 936 3095 1034 3159; x_wconf 89' lang='lat' dir='ltr'><strong>locus</strong></span> <span class='ocrx_word' id='word_1_132' title='bbox 1057 3096 1247 3175; x_wconf 89' lang='lat' dir='ltr'><strong>habeatur;</strong></span> <span class='ocrx_word' id='word_1_133' title='bbox 1271 3115 1344 3159; x_wconf 88' lang='lat' dir='ltr'><strong>oru-</strong></span> 
     </span>
     <span class='ocr_line' id='line_1_24' title="bbox 397 3192 1345 3287; baseline 0.002 -32"><span class='ocrx_word' id='word_1_134' title='bbox 397 3202 527 3276; x_wconf 90' lang='lat' dir='ltr'><strong>nesque</strong></span> <span class='ocrx_word' id='word_1_135' title='bbox 560 3194 747 3276; x_wconf 86' lang='lat' dir='ltr'><strong>provinciae</strong></span> <span class='ocrx_word' id='word_1_136' title='bbox 774 3195 874 3276; x_wconf 76' lang='lat' dir='ltr'><strong>regni</strong></span> <span class='ocrx_word' id='word_1_137' title='bbox 904 3192 1111 3287; x_wconf 79' lang='lat' dir='ltr'><strong>Anglorum,</strong></span> <span class='ocrx_word' id='word_1_138' title='bbox 1139 3204 1178 3260; x_wconf 90' lang='lat' dir='ltr'><strong>ut</strong></span> <span class='ocrx_word' id='word_1_139' title='bbox 1209 3195 1345 3279; x_wconf 86' lang='lat' dir='ltr'><strong>praefati</strong></span> 
     </span>
     <span class='ocr_line' id='line_1_25' title="bbox 398 3293 1345 3378; baseline 0.001 -21"><span class='ocrx_word' id='word_1_140' title='bbox 398 3293 466 3358; x_wconf 92' lang='lat' dir='ltr'><strong>loci</strong></span> <span class='ocrx_word' id='word_1_141' title='bbox 480 3293 755 3375; x_wconf 86' lang='lat' dir='ltr'><strong>metropolitanae</strong></span> <span class='ocrx_word' id='word_1_142' title='bbox 771 3293 926 3358; x_wconf 87' lang='lat' dir='ltr'><strong>ecclesiae</strong></span> <span class='ocrx_word' id='word_1_143' title='bbox 940 3294 1182 3378; x_wconf 88' lang='lat' dir='ltr'><strong>subjiciantur,</strong></span> <span class='ocrx_word' id='word_1_144' title='bbox 1193 3295 1345 3358; x_wconf 87' lang='lat' dir='ltr'><strong>immuti-</strong></span> 
     </span>
     <span class='ocr_line' id='line_1_26' title="bbox 398 3393 1347 3477; baseline 0 -21"><span class='ocrx_word' id='word_1_145' title='bbox 398 3394 471 3456; x_wconf 89' lang='lat' dir='ltr'><strong>lata</strong></span> <span class='ocrx_word' id='word_1_146' title='bbox 496 3398 531 3456; x_wconf 90' lang='lat' dir='ltr'><strong>et</strong></span> <span class='ocrx_word' id='word_1_147' title='bbox 557 3400 726 3477; x_wconf 89' lang='lat' dir='ltr'><strong>perpetua</strong></span> <span class='ocrx_word' id='word_1_148' title='bbox 748 3393 939 3458; x_wconf 79' lang='lat' dir='ltr'><strong>stabilitate</strong></span> <span class='ocrx_word' id='word_1_149' title='bbox 964 3393 1190 3458; x_wconf 86' lang='lat' dir='ltr'><strong>decernimus.</strong></span> <span class='ocrx_word' id='word_1_150' title='bbox 1242 3394 1347 3457; x_wconf 89' lang='lat' dir='ltr'><strong>Hanc</strong></span> 
     </span>
     <span class='ocr_line' id='line_1_27' title="bbox 398 3492 1346 3576; baseline 0.001 -21"><span class='ocrx_word' id='word_1_151' title='bbox 398 3499 515 3555; x_wconf 88' lang='lat' dir='ltr'><strong>autom</strong></span> <span class='ocrx_word' id='word_1_152' title='bbox 534 3492 726 3570; x_wconf 86' lang='lat' dir='ltr'><strong>ecclesiam,</strong></span> <span class='ocrx_word' id='word_1_153' title='bbox 742 3500 866 3576; x_wconf 89' lang='lat' dir='ltr'><strong>utpote</strong></span> <span class='ocrx_word' id='word_1_154' title='bbox 890 3493 1087 3576; x_wconf 87' lang='lat' dir='ltr'><strong>specialiter</strong></span> <span class='ocrx_word' id='word_1_155' title='bbox 1102 3494 1346 3566; x_wconf 84' lang='lat' dir='ltr'><strong>consistentem</strong></span> 
     </span>
     <span class='ocr_line' id='line_1_28' title="bbox 400 3591 1350 3674; baseline 0.001 -20"><span class='ocrx_word' id='word_1_156' title='bbox 400 3592 465 3655; x_wconf 90' lang='lat' dir='ltr'><strong>sub</strong></span> <span class='ocrx_word' id='word_1_157' title='bbox 493 3598 666 3674; x_wconf 85' lang='lat' dir='ltr'><strong>potestate</strong></span> <span class='ocrx_word' id='word_1_158' title='bbox 691 3598 727 3655; x_wconf 89' lang='lat' dir='ltr'><strong>et</strong></span> <span class='ocrx_word' id='word_1_159' title='bbox 756 3591 903 3668; x_wconf 83' lang='lat' dir='ltr'><strong>tuitione</strong></span> <span class='ocrx_word' id='word_1_160' title='bbox 930 3599 1061 3656; x_wconf 87' lang='lat' dir='ltr'><strong>sanctae</strong></span> <span class='ocrx_word' id='word_1_161' title='bbox 1090 3592 1262 3657; x_wconf 85' lang='lat' dir='ltr'><strong>Romanae</strong></span> <span class='ocrx_word' id='word_1_162' title='bbox 1293 3612 1350 3655; x_wconf 89' lang='lat' dir='ltr'><strong>ec·</strong></span> 
     </span>
     <span class='ocr_line' id='line_1_29' title="bbox 399 3690 1347 3773; baseline 0 -18"><span class='ocrx_word' id='word_1_163' title='bbox 399 3691 526 3767; x_wconf 86' lang='lat' dir='ltr'><strong>clesiae,</strong></span> <span class='ocrx_word' id='word_1_164' title='bbox 549 3690 579 3753; x_wconf 90' lang='lat' dir='ltr'><strong>si</strong></span> <span class='ocrx_word' id='word_1_165' title='bbox 605 3691 683 3773; x_wconf 87' lang='lat' dir='ltr'><strong>quis</strong></span> <span class='ocrx_word' id='word_1_166' title='bbox 708 3696 854 3755; x_wconf 87' lang='lat' dir='ltr'><strong>conatus</strong></span> <span class='ocrx_word' id='word_1_167' title='bbox 875 3691 979 3755; x_wconf 84' lang='lat' dir='ltr'><strong>fuerit</strong></span> <span class='ocrx_word' id='word_1_168' title='bbox 1000 3692 1213 3771; x_wconf 88' lang='lat' dir='ltr'><strong>imminuere,</strong></span> <span class='ocrx_word' id='word_1_169' title='bbox 1246 3692 1347 3773; x_wconf 87' lang='lat' dir='ltr'><strong>eique</strong></span> 
     </span>
     <span class='ocr_line' id='line_1_30' title="bbox 399 3790 1349 3873; baseline -0.001 -19"><span class='ocrx_word' id='word_1_170' title='bbox 399 3790 442 3854; x_wconf 89' lang='lat' dir='ltr'><strong>de</strong></span> <span class='ocrx_word' id='word_1_171' title='bbox 466 3800 636 3854; x_wconf 85' lang='lat' dir='ltr'><strong>concessae</strong></span> <span class='ocrx_word' id='word_1_172' title='bbox 662 3790 847 3873; x_wconf 89' lang='lat' dir='ltr'><strong>potestatis</strong></span> <span class='ocrx_word' id='word_1_173' title='bbox 866 3790 946 3873; x_wconf 91' lang='lat' dir='ltr'><strong>jure</strong></span> <span class='ocrx_word' id='word_1_174' title='bbox 969 3791 1131 3873; x_wconf 91' lang='lat' dir='ltr'><strong>quicquid</strong></span> <span class='ocrx_word' id='word_1_175' title='bbox 1155 3790 1349 3867; x_wconf 89' lang='lat' dir='ltr'><strong>abstulerit,</strong></span> 
     </span>
     <span class='ocr_line' id='line_1_31' title="bbox 401 3889 1349 3973; baseline 0 -21"><span class='ocrx_word' id='word_1_176' title='bbox 401 3889 536 3953; x_wconf 81' lang='lat' dir='ltr'><strong>auferat</strong></span> <span class='ocrx_word' id='word_1_177' title='bbox 550 3909 628 3952; x_wconf 90' lang='lat' dir='ltr'><strong>eum</strong></span> <span class='ocrx_word' id='word_1_178' title='bbox 647 3890 744 3954; x_wconf 88' lang='lat' dir='ltr'><strong>Deus</strong></span> <span class='ocrx_word' id='word_1_179' title='bbox 767 3890 810 3952; x_wconf 89' lang='lat' dir='ltr'><strong>de</strong></span> <span class='ocrx_word' id='word_1_180' title='bbox 831 3889 920 3952; x_wconf 91' lang='lat' dir='ltr'><strong>libro</strong></span> <span class='ocrx_word' id='word_1_181' title='bbox 936 3890 1031 3965; x_wconf 86' lang='lat' dir='ltr'><strong>vitae,</strong></span> <span class='ocrx_word' id='word_1_182' title='bbox 1046 3890 1204 3973; x_wconf 88' lang='lat' dir='ltr'><strong>sciatque</strong></span> <span class='ocrx_word' id='word_1_183' title='bbox 1224 3910 1263 3953; x_wconf 92' lang='lat' dir='ltr'><strong>se</strong></span> <span class='ocrx_word' id='word_1_184' title='bbox 1285 3891 1349 3953; x_wconf 90' lang='lat' dir='ltr'><strong>sub</strong></span> 
     </span>
     <span class='ocr_line' id='line_1_32' title="bbox 399 3987 1086 4054; baseline 0.003 -4"><span class='ocrx_word' id='word_1_185' title='bbox 399 3987 631 4052; x_wconf 86' lang='lat' dir='ltr'><strong>anathematis</strong></span> <span class='ocrx_word' id='word_1_186' title='bbox 644 3988 793 4054; x_wconf 84' lang='lat' dir='ltr'><strong>vinculis</strong></span> <span class='ocrx_word' id='word_1_187' title='bbox 807 4006 883 4052; x_wconf 88' lang='lat' dir='ltr'><strong>esse</strong></span> <span class='ocrx_word' id='word_1_188' title='bbox 899 3988 1086 4052; x_wconf 82' lang='lat' dir='ltr'><strong>nodatum&#39;</strong></span> 
     </span>
    </p>
   </div>
   <div class='ocr_carea' id='block_1_8' title="bbox 401 4298 1224 4366">
    <p class='ocr_par' dir='ltr' id='par_1_8' title="bbox 401 4298 1224 4366">
     <span class='ocr_line' id='line_1_33' title="bbox 401 4298 1224 4366; baseline 0.001 -15"><span class='ocrx_word' id='word_1_189' title='bbox 401 4346 404 4351; x_wconf 90' lang='lat'>.</span> <span class='ocrx_word' id='word_1_190' title='bbox 524 4298 739 4363; x_wconf 61' lang='lat' dir='ltr'><strong>mammea]</strong></span> <span class='ocrx_word' id='word_1_191' title='bbox 756 4299 829 4352; x_wconf 64' lang='lat' dir='ltr'><strong>as.</strong></span> <span class='ocrx_word' id='word_1_192' title='bbox 841 4302 876 4351; x_wconf 89' lang='lat' dir='ltr'><strong>o.</strong></span> <span class='ocrx_word' id='word_1_193' title='bbox 889 4302 940 4363; x_wconf 72' lang='lat' dir='ltr'><strong>a,</strong></span> <span class='ocrx_word' id='word_1_194' title='bbox 957 4303 1090 4366; x_wconf 65' lang='lat' dir='ltr'><strong>nume,</strong></span> <span class='ocrx_word' id='word_1_195' title='bbox 1103 4303 1133 4353; x_wconf 90' lang='lat' dir='ltr'><strong>c.</strong></span> <span class='ocrx_word' id='word_1_196' title='bbox 1145 4303 1180 4354; x_wconf 89' lang='lat' dir='ltr'><strong>o.</strong></span> <span class='ocrx_word' id='word_1_197' title='bbox 1192 4303 1224 4353; x_wconf 79' lang='lat' dir='ltr'><strong>c.</strong></span> 
     </span>
    </p>
   </div>
   <div class='ocr_carea' id='block_1_9' title="bbox 0 0 1612 5025">
    <p class='ocr_par' dir='ltr' id='par_1_9' title="bbox 0 0 1612 5025">
     <span class='ocr_line' id='line_1_34' title="bbox 0 0 1612 5025; baseline 0 0"><span class='ocrx_word' id='word_1_198' title='bbox 0 0 1612 5025; x_wconf 95' lang='lat' dir='ltr'><strong> </strong></span> 
     </span>
    </p>
   </div>
  </div>
 </body>
</html>
