3142 5025
417 493 482 556 532
632 494 751 556 'onsrn
775 509 902 556 nncun
926 505 1140 554 ..sunnonem
1214 490 1367 571 [nrurv.

417 664 503 728 tudo
536 672 739 742 remoretur,
767 664 850 746 quia
875 664 1046 746 ampliora
1077 671 1161 728 sunt
1185 683 1264 746 quae
1287 685 1369 747 pro-

386 799 390 808 ·
417 764 615 828 mittuntur.
667 763 743 827 Nec
760 783 804 827 ea
829 783 907 846 quae
924 764 1020 826 inani
1042 783 1104 847 spe
1126 765 1261 827 miseris
1284 765 1372 828 adu-

416 862 545 940 lentur,
560 863 617 930 vel
642 863 808 944 ignavam
829 871 979 927 mentem
1001 863 1101 946 pigro
1124 884 1237 928 rerum
1259 865 1369 928 medi·
1423 943 1426 948 Ι

417 964 551 1029 cumino
575 963 741 1045 palpent,
775 961 838 1026 sed
854 964 984 1027 crebris
1006 964 1176 1046 exemplis
1198 964 1367 1041 exhibita,

417 1061 589 1145 frequenti
605 1082 672 1126 usu
684 1063 918 1145 comprobata.
971 1062 1018 1125 Et
1034 1062 1110 1126 baec
1125 1063 1263 1146 quidem
1285 1073 1369 1128 sunt

418 1162 544 1241 dulcia,
569 1162 630 1226 sed
654 1162 810 1241 caduca3
833 1168 869 1225 et
884 1181 963 1244 quae
980 1161 1250 1245 centuplicatum
1269 1156 1369 1228 ¹con-

418 1261 645 1345 temp'toribus
663 1263 736 1324 suis
751 1262 900 1345 pretium
916 1263 1116 1343 importent.
1154 1261 1244 1328 Haec
1257 1262 1367 1340 edico,

417 1361 492 1425 baec
513 1351 655 1438 mando,
684 1352 937 1444 terminumque
963 1361 1115 1442 proximi
1133 1363 1225 1425 veris
1251 1361 1366 1444 affigo.

417 1459 542 1525 Aderit
560 1462 656 1525 Deus
679 1461 854 1537 euntibus,
870 1468 910 1525 ut
932 1461 983 1524 eis
1004 1461 1116 1524 bonus
1138 1462 1290 1525 arrideat
1306 1482 1368 1525 an-

417 1580 497 1637 nus,
506 1567 580 1624 tum
594 1561 694 1642 copia
707 1559 858 1642 frugum,
869 1566 944 1624 tum
959 1561 1147 1625 serenitate
1161 1568 1367 1644 temporum.
1413 1640 1428 1650 ,

419 1660 582 1725 Moritnri
604 1659 685 1724 coeli
706 1659 886 1723 intrabunt
909 1660 1110 1737 triclinium,
1128 1660 1254 1724 victuri
1272 1661 1368 1725 vide-

416 1759 505 1824 bunt
532 1759 749 1842 sepulchrum
781 1759 1014 1824 Dominicum.
1071 1759 1118 1823 Et
1146 1779 1225 1841 quae
1256 1760 1368 1844 major

417 1858 566 1934 felicitas
594 1879 699 1942 quam
724 1865 764 1922 ut
790 1858 905 1935 homo,
924 1859 961 1921 in
983 1858 1086 1922 terris
1114 1878 1236 1940 agens,
1250 1859 1367 1924 videat

417 1957 495 2023 loca
510 1959 573 2022 illa
582 1959 618 2022 in
633 1959 757 2042 quibus
772 1959 939 2023 coelorum
949 1958 1123 2021 Dominus
1140 1968 1366 2023 conversatus

417 2067 471 2123 est
497 2058 722 2122 humanitus?
775 2057 911 2122 Felices
936 2057 997 2139 qui
1023 2057 1068 2120 ad
1094 2057 1170 2121 baec
1197 2067 1368 2122 vocantur

417 2157 549 2236 munia,
575 2165 615 2222 ut
641 2159 703 2221 illo
731 2157 976 2221 nanciscantur
999 2159 1165 2222 munera!
1199 2157 1367 2223 fortunati

418 2260 478 2340 qui
494 2257 705 2323 meditantur
726 2257 795 2321 ista
817 2257 950 2340 proelia,
968 2262 1007 2319 ut
1029 2256 1091 2320 illo
1112 2266 1369 2340 consequantur

417 2359 594 2440 praemial’

257 2467 404 2517 Propertio·
469 2458 487 2542 ξ
502 2456 579 2523 848.
596 2455 756 2541 Hujusoe
773 2454 941 2522 orationis
958 2463 1114 2520 tenorem
1130 2456 1264 2540 scripsi,
1281 2476 1368 2541 pau·

256 2520 288 2557 for
296 2519 332 2557 the
341 2519 393 2559 Cru-

255 2570 312 2609 sade.

417 2578 460 2623 ca
485 2565 626 2642 propter
651 2556 834 2621 veritatem
865 2556 1037 2620 dictorum
1063 2556 1273 2639 incastigato
1296 2577 1368 2621 ser-

418 2677 520 2722 mone
556 2658 772 2739 depromens,
809 2656 911 2737 plura
945 2656 1205 2721 manumittens.
1272 2657 1367 2720 Hinc

417 2758 525 2839 igitur
558 2755 708 2839 populus
747 2755 944 2820 auditorum
983 2774 1161 2833 accensus,
1197 2755 1368 2840 judicium

418 2856 525 2921 animi
554 2856 702 2919 clamore
728 2861 890 2931 testatur,
922 2855 1045 2918 favens
1077 2856 1368 2934 sermocinationi,

418 2957 540 3021 favens
555 2954 847 3038 peregrinationi:
865 2954 1054 3037 statimque
1070 2954 1107 3017 in
1124 2954 1271 3019 concilio
1287 2976 1366 3038 pro·

418 3074 514 3119 ceres
538 3054 706 3130 nonnulli,
729 3072 830 3136 papae
853 3054 999 3135 genibus
1021 3047 1153 3131 ²affusi,
1177 3074 1215 3118 se
1237 3074 1368 3137 suaque

420 3154 488 3219 Dei
505 3154 638 3217 militiae
657 3159 927 3231 consecrarunt3
946 3154 1106 3236 equibus
1116 3153 1182 3218 suit
1192 3153 1368 3232 Amaras,

419 3253 565 3335 insignis
591 3253 756 3335 potentiae
772 3251 956 3316 Podiensis
979 3254 1175 3336 episcopus
1190 3255 1251 3335 qui
1274 3261 1370 3337 post-

420 3373 463 3417 ea
485 3353 676 3416 exercitum
700 3352 800 3415 illum
826 3346 936 3416 ³rexit
957 3352 1154 3434 prudentia,
1177 3354 1279 3417 auxit
1299 3354 1371 3417 elo-

418 3452 573 3536 quentia.
626 3451 741 3533 Igitur
772 3450 965 3515 Novembri
986 3471 1116 3528 mense,
1139 3454 1175 3515 in
1198 3472 1266 3535 qno
1289 3473 1371 3517 con-

420 3553 537 3617 cilium
559 3559 674 3617 actum
696 3551 776 3628 fuit,
802 3570 824 3614 a
849 3551 994 3633 singulis
1018 3552 1054 3614 in
1079 3571 1144 3614 sua
1169 3552 1368 3616 discessum.

421 3652 663 3734 Continuoque
680 3650 773 3715 lama
795 3651 889 3727 boni,
906 3657 1018 3717 totum
1035 3644 1216 3733 *perlapsa
1237 3672 1300 3734 per
1315 3672 1371 3716 or-

418 3754 508 3832 bem,
533 3752 628 3819 dulci
653 3750 931 3814 Christianorum
959 3751 1094 3815 animos
1120 3751 1238 3815 infecit
1261 3770 1368 3815 aura:

455 4006 462 4035 ¹
474 4007 705 4071 Contemptoribno]
720 4004 754 4055 A.
763 4007 793 4056 C.
806 4004 841 4055 D.
848 4006 882 4056 E.
941 4003 1372 4069 ³1texitprnnaeutiannxiteloqaen·

419 4078 464 4139 L.;
481 4094 539 4127 cum
550 4077 715 4138 temporibus,
727 4076 756 4126 S.
906 4074 964 4137 tin]
976 4074 1131 4134 A.D.E.1..;
1143 4076 1216 4123 aurit
1227 4078 1372 4139 prudentia,

905 4145 972 4193 rexit
982 4146 1137 4206 eloquentia,
1148 4145 1177 4194 S.
1192 4147 1222 4195 C.
1432 4176 1448 4192 κ

453 4210 584 4283 ²Affnsi.]
603 4216 632 4265 S.
652 4217 699 4275 C.;
717 4214 836 4276 acclines,
848 4214 880 4263 Α.
941 4212 1103 4279 ‘Perlnpan.]
1120 4214 1153 4265 A.
1168 4214 1203 4267 D.
1216 4217 1249 4266 E.
1261 4217 1310 4280 L.;
1331 4217 1372 4265 di-

419 4286 454 4335 D.
465 4286 513 4347 1..;
531 4286 607 4335 affusi
618 4286 655 4334 nel
666 4286 785 4346 acclines,
798 4286 830 4335 Ε.
905 4284 988 4347 lapsa,
1000 4284 1029 4335 S.
1044 4287 1073 4335 C.
