3142 5025
223 567 293 617 nra.
312 549 370 633 11.]
513 565 688 616 ursroaul
709 566 888 616 novumn.
1106 550 1173 615 729

224 727 364 792 abbatia
378 727 421 790 de
434 726 601 792 Hortuna
616 727 760 810 proinde
775 727 952 791 destructa
972 730 1008 788 et
1024 711 1172 808 adjecta.
1185 744 1335 795 suetonio„

224 827 315 893 Haec
334 835 489 911 tempora
502 828 595 910 regis
612 826 770 906 Henrici,
784 827 849 890 sub
867 845 936 908 quo
951 844 1006 889 res
1024 824 1099 908 ejus
1116 823 1173 910 (ut
1184 797 1328 846 ⁰f8ffl'bu'y'

222 924 315 1011 dixi)
342 927 478 1009 magnis
505 928 720 991 successibus
749 924 959 990 floruerunt:
992 925 1052 988 sed
1082 924 1173 987 enim

224 1029 289 1090 sub
314 1026 491 1108 Stephano
515 1020 615 1107 ¹rege
641 1024 749 1111 (sicut
781 1022 948 1109 praedixi)
974 1032 1067 1088 retro
1094 1026 1173 1088 sub·

224 1125 333 1207 lapsae
351 1132 452 1205 sunt;
475 1126 544 1189 nisi
560 1125 653 1207 quod
675 1125 712 1188 in
733 1124 834 1189 initio
849 1124 948 1205 regni
969 1124 1045 1207 ejus
1068 1142 1175 1206 nepo·

225 1225 318 1289 tibus
333 1226 418 1302 suis,
442 1224 502 1288 uni
524 1224 778 1301 cancellariam,
794 1224 895 1287 alteri
910 1222 1173 1302 thesaurariam,

225 1323 291 1388 sibi
324 1327 473 1405 burgum
505 1324 751 1387 Malmesbiriae
780 1323 991 1406 impetravit,
1029 1323 1173 1387 subinde

225 1444 307 1505 rege
320 1423 548 1488 familiaribus
562 1425 635 1487 suis
656 1424 904 1505 ingeminante,
922 1421 1014 1486 ‘Per
1027 1442 1173 1487 nascen-

224 1522 309 1587 tiam
324 1524 391 1588 Dei
403 1524 411 1589 !
424 1524 643 1587 medietatem
652 1521 792 1605 Angliae
807 1523 924 1585 darem
936 1524 979 1600 ei,
989 1524 1018 1586 si
1029 1530 1173 1605 peteret,

223 1622 334 1687 donec
358 1630 495 1705 tempus
517 1630 753 1705 pertranseat:
778 1628 860 1686 ante
884 1622 1020 1687 deficiet
1040 1623 1115 1705 ipse
1137 1624 1173 1685 iu

222 1722 385 1805 petendo,
400 1742 504 1808 quam
518 1742 585 1805 ego
598 1723 635 1785 in
649 1722 792 1788 dando?
840 1722 1095 1786 Posterioribus
1110 1742 1173 1785 an·

224 1822 279 1885 nis
304 1822 456 1900 fortuna,
473 1822 617 1886 nimium
641 1831 676 1887 et
697 1830 779 1886 ante
798 1822 857 1887 diu
880 1822 912 1886 ei
936 1822 1105 1899 blandita,
1128 1823 1173 1887 ad

225 1927 417 1985 extremum
442 1922 641 2004 scorpiacea
662 1922 846 1986 crudeliter
868 1921 1040 1985 hominem
1062 1922 1175 1986 cauda

225 2021 406 2103 percussit.
458 2020 572 2099 Quale
596 2020 662 2085 fuit
684 2021 783 2098 illud,
808 2021 900 2103 quod
923 2027 1004 2085 ante
1026 2042 1088 2085 ora
1110 2042 1175 2086 sua

225 2120 312 2184 vidit
326 2120 482 2184 homines
503 2122 590 2183 bene
611 2120 653 2183 de
675 2140 712 2184 se
734 2120 874 2184 meritos
895 2120 1055 2198 sauciari,
1072 2121 1174 2184 sami·

224 2218 446 2283 liarissimnm
462 2212 623 2283 ²militem
638 2220 862 2284 obtruncari:
885 2227 1025 2301 postero
1047 2220 1102 2284 die
1118 2239 1173 2284 se-

225 2319 351 2400 ipsum,
367 2318 546 2405 (utsupra
566 2319 660 2383 satus
682 2317 790 2404 sum,)
805 2326 841 2383 et
854 2326 998 2402 nepotes
1016 2339 1097 2383 suos
1111 2340 1174 2402 po-

225 2418 438 2482 tentissimos
462 2420 655 2501 episcopos,
679 2438 782 2482 unum
806 2418 934 2501 fugari,
952 2419 1098 2505 alterum
1121 2427 1173 2483 te·

225 2519 313 2596 neri,
344 2520 497 2598 tertium,
524 2519 784 2584 dilectissimum
812 2520 877 2584 sibi
908 2519 1173 2599 adolescentem,

225 2619 446 2701 compedibus
459 2620 601 2684 vinciri:
620 2627 699 2703 post
712 2620 937 2684 redditionem
952 2620 1174 2685 castellorum

227 2717 409 2782 thesauros
430 2739 512 2784 suos
534 2718 648 2802 diripi,
665 2727 700 2784 et
723 2739 761 2784 se
786 2719 1005 2802 postmodum
1029 2721 1065 2784 in
1091 2740 1173 2784 con-

227 2816 307 2881 cilio
322 2817 521 2882 foedissimis
534 2819 694 2883 convitiis
715 2820 910 2901 proscindi:
935 2818 979 2882 ad
1000 2820 1173 2897 ultimum,

226 2936 304 2981 curn
322 2918 413 3000 apud
429 2918 650 2983 Salesbiriam
667 2939 755 3001 pene
773 2919 952 2983 anhelaret
967 2919 1004 2982 iu
1028 2920 1174 2996 exitum,

226 3018 390 3100 quicquid
413 3019 587 3082 residuum
610 3026 686 3082 erat
707 3038 924 3083 nummorum
948 3027 983 3083 et
998 3039 1173 3096 vasorum,

226 3117 317 3199 quod
334 3117 466 3182 scilicet
479 3119 522 3182 ad
536 3119 779 3202 perficiendam
802 3119 982 3183 ecclesiam
1005 3139 1108 3203 super
1122 3119 1174 3182 al-

225 3223 300 3279 tare
325 3226 501 3298 posuerat,
529 3238 567 3305 se
596 3219 706 3283 invito
733 3219 917 3305 asportari.
968 3218 1174 3283 Extremum

226 3323 311 3396 puto
332 3316 554 3394 calamitatis,
575 3318 675 3400 cujus
693 3319 798 3381 etiam
821 3337 875 3380 me
900 3318 1051 3394 miseret,
1069 3318 1174 3401 quod,

225 3432 304 3476 curu
322 3416 440 3478 multis
457 3417 561 3478 miser
574 3416 759 3494 videretur,
779 3414 996 3498 paucissimis
1012 3425 1089 3481 erat
1110 3419 1175 3480 mi·

226 3513 384 3577 serabilis
396 3533 405 3593 3
422 3520 558 3579 tantum
571 3515 690 3579 livoris
708 3523 744 3580 et
754 3517 825 3579 odii
839 3535 884 3579 ex
898 3517 1004 3579 nimia
1017 3517 1176 3599 potentia

226 3619 461 3691 contraxerat,
493 3621 528 3678 et
555 3614 725 3679 immerito
760 3615 855 3699 apud
886 3616 1054 3701 quosdam
1087 3635 1174 3700 quos

225 3712 332 3776 etiam
345 3713 533 3777 honoribus
551 3721 709 3779 auxerat.

392 3902 441 3950 Du
462 3896 721 3953 lusulru'rmuu
744 3906 999 3956 ABBATIARUM.

226 4035 230 4043 ⁴
276 4011 358 4096 §33
374 4012 479 4077 Anno
493 4014 664 4078 incarnati
671 4013 780 4079 Verbi
795 4016 977 4081 millesimo
989 4017 1176 4083 centesimo
1189 4033 1246 4123 3³33
1255 4034 1318 4123 iffi

226 4112 491 4195 quadragesimo
512 4114 672 4178 monachi
699 4114 914 4180 abbatiarum
942 4137 1029 4200 quas
1058 4118 1176 4199 Roga·
1189 4133 1320 4234 {3me

260 4337 372 4403 mgr]
390 4341 438 4402 s.;
455 4341 596 4390 amaon
609 4341 639 4392 s.
650 4341 686 4391 n.
747 4322 898 4407 ’Militem.]
922 4344 950 4395 s.
969 4345 1004 4395 n.
1025 4347 1080 4396 111.
1105 4347 1179 4410 na,

224 4411 279 4460 Lu.
712 4412 897 4476 militum‚El.
