3142 5025
419 549 485 617 682
634 563 746 612 ensra
773 562 901 612 arcun
925 561 1142 612 aucuonuu.
1233 534 1321 628 [nm.
1337 559 1371 607 v.

421 721 537 807 perias
562 717 654 805 dixi)
680 719 865 804 Philippus
890 718 1075 784 accedente
1097 717 1214 794 senio,'
1229 717 1370 781 libidine

422 822 552 905 gravis,
563 815 835 903 ¹comitissaeque
850 818 1113 900 Andagavensis
1128 819 1243 901 specie
1259 817 1370 894 lusus,

423 920 553 1008 illicitis
570 921 749 984 ardoribus
760 918 994 982 defoeneratus
1008 917 1251 981 famulabatur.
1276 915 1372 994 Quo-

423 1021 517 1083 circa
531 1020 575 1082 ab
590 1020 781 1102 apostolico
797 1018 1128 1094 excommunicatus,
1143 1036 1221 1079 cum
1236 1015 1272 1078 in
1288 1015 1373 1079 villa

424 1138 495 1201 qua
518 1119 730 1182 mansitabat
755 1116 841 1181 nihil
866 1115 975 1180 divini
1003 1116 1136 1180 servitii
1161 1115 1270 1191 fieret,
1299 1113 1372 1190 sed,

425 1217 622 1281 discedente
636 1236 690 1294 eo,
707 1217 853 1281 tinnitus
876 1216 1052 1296 signorum
1065 1215 1218 1296 undique
1234 1232 1373 1278 concre-

426 1323 562 1399 parent,
584 1315 751 1380 insulsam
778 1315 975 1379 fatuitatem
997 1313 1174 1378 cachinnis
1200 1313 1373 1396 exprime-

426 1417 508 1495 bat3
532 1414 690 1492 ‘Audis'
705 1414 877 1496 inquiens,
894 1414 1005 1477 ‘bella
1021 1413 1193 1496 quomodo
1208 1431 1272 1476 nos
1289 1412 1374 1474 effu-

428 1513 555 1597 gantl'
605 1512 705 1578 Adeo
720 1519 796 1578 erat
812 1513 970 1576 omnibus
995 1512 1168 1594 episcopis
1186 1511 1375 1593 provinciae

428 1631 501 1677 suae
527 1611 668 1689 derisui,
689 1620 729 1677 ut
756 1611 872 1675 nullus
899 1631 958 1675 eos
981 1610 1208 1694 desponsaret
1230 1604 1377 1692 ²praeter

377 1743 382 1749 ·
428 1711 642 1776 Willelmum
660 1711 956 1792 archiepiscopum
976 1710 1290 1791 Rotomagensem;
1315 1728 1376 1771 cu-

425 1808 485 1893 jus
499 1803 589 1875 facti¹
599 1811 829 1873 temeritatem
838 1807 903 1871 luit
912 1809 1030 1872 multis
1045 1810 1146 1872 annis
1160 1808 1377 1885 interdictus,

429 1915 465 1972 et
475 1908 537 1972 vix
552 1908 691 1972 tandem
709 1907 896 1990 aliquando
911 1927 973 1990 per
986 1906 1189 1971 Anselmum
1207 1907 1379 1990 archiepi-

430 2001 581 2089 scopum
598 2007 799 2088 apostolicae
822 2006 1055 2070 communioni
1076 2007 1242 2070 redditus.
1295 2005 1380 2069 Phi-

429 2105 525 2188 lippo
541 2105 674 2169 interea
699 2106 796 2169 nulla
814 2124 911 2168 mora
934 2106 1066 2169 insanae
1086 2104 1298 2170 temulentiae
1322 2124 1389 2176 sas

430 2206 588 2268 tietatem
609 2204 703 2280 fecit,
720 2205 788 2267 nisi
804 2203 908 2287 quod,
932 2204 969 2267 in
993 2212 1149 2268 extremo
1162 2205 1245 2268 vitae
1263 2210 1380 2267 tactus

430 2304 562 2381 morbo,
576 2297 833 2368 'monachicum
848 2303 940 2385 apud
959 2303 1156 2368 Floriacum
1167 2303 1301 2385 accepit
1318 2303 1381 2366 ha·

429 2404 559 2466 bitum:
583 2395 760 2485 pulchrius
777 2409 813 2466 et
830 2401 1040 2467 fortunatius
1062 2403 1134 2476 illa,
1159 2401 1250 2485 quod
1274 2407 1381 2466 aetate

431 2509 468 2567 et
483 2498 632 2567 sanitate
649 2502 797 2583 integra,
812 2521 875 2565 nec
891 2501 1004 2584 specie
1020 2509 1158 2584 rugata,
1174 2501 1265 2585 apud
1284 2501 1380 2565 Fon·

433 2608 502 2665 tem
517 2601 659 2665 Evraldi
672 2601 985 2665 sanctimonialium
1000 2602 1146 2683 appetiit
1162 2592 1297 2680 velum'3
1316 2622 1380 2665 nec

348 2747 352 2752 .
432 2699 542 2763 multo
557 2706 638 2781 post
659 2700 822 2782 praesenti
838 2700 921 2763 vitae
935 2698 1013 2762 vale
1029 2699 1121 2777 fecit,
1141 2700 1217 2763 Deo
1233 2698 1381 2764 forsitan

315 2850 322 2857 .
432 2799 637 2881 providente
663 2818 733 2862 non
760 2816 863 2881 posse
890 2797 1048 2863 delicatae
1071 2798 1225 2863 mulieris
1255 2817 1383 2882 corpus

432 2897 610 2977 religionis
623 2898 800 2960 laboribus
815 2898 992 2961 inservire.

484 2994 593 3076 5405.
617 2993 769 3058 atvero
796 2994 1003 3060 Lodowicus
1028 2994 1119 3057 filius
1143 2995 1298 3079 Philippi
1320 3015 1384 3060 va·

432 3092 522 3157 rium
535 3111 573 3155 se
588 3093 764 3174 praestitit,
780 3093 817 3155 in
839 3103 964 3158 neutra
987 3101 1086 3177 parte
1101 3095 1189 3158 bene
1204 3102 1382 3159 constans.

432 3190 552 3255 Primo
576 3192 666 3254 enim
683 3198 838 3274 tempore
854 3193 1024 3275 plurimus
1040 3192 1077 3256 in
1092 3192 1234 3257 fratrem
1249 3194 1381 3257 irarum

432 3297 555 3354 auctor
570 3288 726 3355 Henrico
751 3291 796 3355 ad
814 3290 1018 3373 capiendam
1033 3290 1068 3355 N
1070 3292 1284 3355 ermanniam
1304 3292 1383 3370 luit,

430 3396 614 3472 corruptus
638 3389 800 3454 videlicet
832 3388 1028 3472 Anglorum
1055 3390 1175 3472 spoliis
1207 3398 1242 3454 et
1271 3392 1382 3456 multo

465 3627 668 3691 maritumaque
686 3627 891 3691 stagnantia]
1167 3634 1169 3638 “

431 3697 894 3759 aerumasourtnwiseofroulques
918 3701 923 3709 '
953 3695 1143 3746 'Menochicam
1161 3700 1225 3762 apud
1243 3698 1382 3750 Floriocum

430 3768 479 3827 lv,
489 3766 542 3816 earl
552 3766 582 3815 of
588 3767 683 3828 Anjou.
918 3762 1150 3834 acepithcbt'tam]
1168 3768 1299 3831 Although
1314 3771 1385 3833 King

464 3833 586 3885 ’Praeter
608 3836 758 3885 Willelmam
775 3833 895 3898 archiepi·
919 3836 1040 3897 Philipps
1058 3850 1075 3884 a
1091 3835 1142 3886 few
1152 3852 1227 3897 years
1242 3838 1327 3889 before
1344 3839 1385 3887 his

430 3901 895 4023 mandassemus
919 3904 1388 4039 insaturabilia}

431 4042 490 4091 Odo
497 4041 624 4103 bishopof
630 4044 755 4104 Bayeu13
766 4043 815 4090 but
822 4043 895 4103 Pope
920 4056 980 4092 seen
991 4044 1017 4091 in
1028 4043 1070 4091 the
1082 4045 1173 4106 epistle
1184 4045 1284 4094 written
1295 4046 1384 4095 tobim

430 4110 519 4159 Urban
547 4112 586 4173 11,
620 4112 648 4159 in
679 4112 720 4160 his
748 4111 842 4171 epistle
869 4115 895 4159 to
919 4112 954 4173 by
966 4110 1046 4173 Hugh
1065 4112 1143 4161 abbat
1158 4110 1187 4162 of
1203 4114 1289 4176 Cluui,
1305 4119 1348 4175 yet
1364 4116 1385 4163 it

430 4178 548 4239 Raynald
567 4180 718 4241 archbishop
736 4179 765 4229 of
781 4180 895 4241 Rheims‚
919 4196 1027 4243 appears
1038 4180 1093 4229 that
1104 4181 1136 4229 he
1147 4196 1223 4233 never
1233 4184 1330 4235 carried
1341 4183 1382 4233 his

428 4249 542 4364 bazcnrliibes
564 4249 585 4299 it
606 4252 634 4299 to
656 4250 733 4300 Ursio
754 4248 846 4313 biehop
869 4249 899 4299 of
919 4250 1009 4313 design
1020 4250 1073 4299 into
1084 4250 1166 4302 effect.

499 4330 521 4366 s.
