3142 5025
281 2258 337 2301 ab.
347 2260 405 2300 nat.

280 2359 304 2398 11
313 2358 365 2399 Feb.

281 2467 364 2509 Sehlsrn
372 2469 396 2509 iu

280 2519 318 2559 tbe
326 2521 407 2561 churcb

280 2569 386 2611 cthme.

439 480 506 545 694
725 496 900 548 utsronm
923 498 1102 548 uovnnns.
1259 483 1348 567 [nin.
1365 500 1390 548 1.

441 653 618 720 muliebris
648 674 755 721 sexus
785 656 944 723 habitum
973 646 1252 723 transformant(
1305 656 1394 735 Qui-

441 756 522 820 dam
537 756 801 839 provincialium
820 757 980 835 militum,
996 774 1124 839 magno
1145 756 1292 833 crinium
1307 757 1394 820 luxu

441 856 656 938 superbiens,
670 857 949 940 conscientiaque
963 857 1169 922 stimulante.
1176 857 1394 939 perterritus,

443 954 539 1019 visus
554 962 608 1019 est
622 956 688 1021 sibi
701 955 870 1021 videre-in
890 957 1034 1021 somniis
1046 956 1148 1039 quasi
1163 956 1292 1039 aliquis
1313 974 1392 1020 eum

442 1054 646 1137 capillorum
671 1074 814 1120 suorum
835 1055 1013 1120 criniculis
1038 1056 1248 1136 suffocaret3
1272 1074 1393 1138 quare,

442 1172 564 1218 somno
588 1172 768 1235 excussus,
784 1156 948 1238 quicquid
969 1156 1204 1239 superfluebat
1215 1174 1392 1219 comarum

442 1253 513 1318 cito
529 1254 685 1319 abscidit.
738 1254 902 1319 Cucurrit
916 1256 1114 1339 exemplum
1137 1253 1392 1339 perAagbam,

443 1359 480 1417 et
493 1350 602 1439 (sicut
616 1368 736 1420 recens
755 1360 865 1438 'poena
878 1362 1029 1421 mentem
1043 1373 1183 1420 movere
1196 1351 1304 1439 solet)
1317 1373 1393 1419 om·

443 1470 505 1516 nes
526 1471 616 1535 pene
632 1455 760 1522 milites
783 1454 981 1538 adjustum
1004 1448 1145 1519 moduni
1169 1454 1282 1519 crines
1307 1472 1392 1518 suos

442 1551 550 1616 recidi
575 1554 818 1637 aequanimiter
833 1554 998 1619 tulerunt.
1040 1554 1111 1619 Sed
1131 1573 1201 1619 non
1218 1554 1279 1619 diu
1293 1550 1394 1618 stetit

442 1649 518 1723 hae
532 1653 700 1717 sanctitas
710 1670 727 1733 ;Ι
742 1652 806 1718 vix
819 1653 912 1718 enim
930 1672 1023 1717 anno
1044 1653 1175 1737 elapso,
1189 1652 1320 1730 cuncti,
1330 1651 1393 1735 qui

442 1749 510 1814 sibi
531 1751 678 1815 curiales
700 1769 776 1815 esse
790 1751 1009 1829 videbantur,
1021 1752 1061 1815 in
1080 1753 1178 1835 prius
1191 1752 1316 1818 vitium
1338 1772 1393 1817 re·

442 1849 621 1916 ciderunt:
654 1850 873 1934 longitudine
900 1852 1105 1934 capillorum
1134 1870 1214 1915 cum
1240 1850 1392 1916 foeminis

442 1950 635 2027 certabant,
650 1956 697 2027 et,
712 1949 772 2015 ubi
788 1951 900 2016 crines
913 1949 1090 2027 deficiunt,
1103 1949 1284 2015 involucra
1297 1969 1394 2033 quae-

442 2048 523 2113 dam
545 2048 779 2130 innodabant;
803 2049 903 2114 obliti
916 2050 973 2115 vel
988 2049 1106 2133 potius
1124 2048 1238 2132 ignari
1253 2058 1393 2114 senten-

441 2148 502 2213 tiae
524 2143 854 2232 apostolicae,‘¹Vir
874 2149 905 2213 si
934 2168 1069 2213 comam
1090 2149 1263 2227 auu-ierit,
1290 2149 1392 2231 igno·

442 2247 550 2311 minia
574 2256 629 2313 est
656 2248 732 2313 illi.’
784 2246 889 2313 Anno
919 2249 1094 2315 tricesimo
1123 2268 1187 2313 rex
1215 2248 1391 2313 Henricus

442 2347 582 2412 transiit
597 2348 635 2413 in
653 2346 916 2413 Normanniam.
953 2348 1007 2413 Eo
1020 2363 1113 2413 anno
1123 2347 1286 2413 detirnoto
1298 2367 1393 2432 papa

444 2444 616 2527 Honorio,
637 2466 765 2532 magna
790 2448 1012 2515 contentione
1034 2448 1185 2531 eligendi
1207 2448 1391 2531 apostolici

442 2547 604 2614 Romana
647 2549 832 2615 fluctuavit
861 2549 1020 2614 ecclesia.
1087 2549 1200 2612 Erant
1231 2555 1316 2612 tunc
1351 2547 1391 2612 in

440 2648 559 2712 eadem
584 2650 669 2712 urbe
696 2649 766 2713 duo
790 2648 1012 2714 famosissimi
1035 2648 1240 2726 cardinales,
1256 2646 1392 2729 Grego-

439 2747 512 2812 rius
534 2748 700 2812 diaconus
720 2749 834 2812 saneti
848 2746 989 2831 Angeli,
1005 2755 1042 2812 et
1061 2747 1188 2814 Petrus
1210 2748 1392 2830 presbyter

439 2847 637 2924 cardinalis,
661 2847 754 2912 tilius
784 2846 913 2912 Leonis
939 2846 1179 2914 Romanorum
1203 2847 1391 2930 principis:

439 2947 541 3012 ambo
555 2947 665 3010 literis
679 2953 715 3010 et
727 2946 904 3011 industria
911 2947 1093 3030 insignem
1116 2967 1181 3012 nec
1195 2953 1271 3010 erat
1287 2945 1391 3010 facile

437 3165 464 3210 et
481 3161 582 3223 plenam
601 3164 750 3222 potestatem
766 3163 839 3211 vobis
857 3163 902 3213 de·
927 3161 998 3230 (Rot.
1015 3163 1075 3213 Pat.
1094 3167 1125 3212 11
1144 3162 1213 3212 Heu.
1228 3160 1283 3211 111.
1301 3175 1337 3212 m.
1353 3158 1393 3227 8.)

437 3231 523 3292 diprus
545 3231 678 3281 scindendi
701 3231 808 3293 capillos
827 3233 901 3282 cleri·
926 3233 968 3281 ‘A
986 3233 1138 3283 memorable
1160 3232 1314 3295 precedent’
1329 3245 1391 3293 seys

437 3316 523 3352 corum
545 3304 695 3364 nostorum,
716 3301 762 3363 qui
787 3307 847 3352 sunt
868 3303 901 3353 de
927 3303 1040 3366 Prynne,
1053 3303 1098 3352 ‘tit
1113 3307 1140 3351 to
1157 3302 1188 3350 be
1207 3301 1322 3350 imitated
1337 3301 1390 3357 and

436 3370 547 3433 bospitio
556 3375 641 3421 nostro
657 3376 683 3422 et
692 3371 792 3422 familia
806 3376 902 3434 nosua,
925 3371 1389 3434 pntinexecutioninourelleminnte

436 3441 525 3504 longos
539 3442 622 3491 crines
640 3441 797 3503 habentium,
817 3447 844 3491 et
860 3457 902 3491 co·
925 3441 1082 3504 degenerans
1093 3455 1229 3504 age,ruore
1244 3441 1390 3502 peccantia

436 3525 492 3560 mas
513 3511 687 3572 nutrientium,
708 3515 735 3560 et
758 3510 795 3560 ad
815 3525 901 3560 crocos
925 3511 976 3561 this
986 3512 1050 3560 kind
1066 3512 1128 3561 than
1143 3526 1194 3572 any
1204 3510 1296 3559 former
1305 3511 1390 3572 times,

359 3569 361 3573 ’
436 3581 586 3643 capillorum
608 3593 711 3630 suenum
729 3580 901 3642 deponendos.
924 3580 995 3631 there
1010 3582 1087 3644 being
1101 3595 1170 3630 more
1185 3580 1250 3628 salse
1266 3579 1346 3628 heads
1357 3579 1393 3645 (ii

437 3651 473 3700 Et
482 3651 541 3700 ideo
551 3650 623 3700 vobis
639 3651 799 3710 mandamus,
813 3653 902 3711 quam·
925 3656 969 3699 not
986 3651 1072 3701 bearts
1087 3647 1141 3715 too)
1153 3651 1181 3698 in
1194 3649 1323 3712 England,
1337 3649 1389 3698 and

437 3720 586 3771 nusadhoc
594 3719 761 3770 mododebito
767 3719 903 3782 diligenter
925 3735 993 3769 more
1014 3719 1174 3784 long-haired
1193 3719 1307 3778 tulliam,
1327 3719 1389 3768 both

436 3789 901 3852 intendatis3buJusmodipotestatem
924 3790 955 3840 of
972 3789 1069 3852 clergy,
1088 3793 1170 3852 court,
1191 3789 1253 3850 city,
1274 3793 1391 3850 country,

436 3864 547 3908 nosuam
563 3860 636 3910 vobis
657 3873 802 3911 macerem
817 3859 903 3909 taliter
925 3859 1034 3922 needing
1051 3858 1115 3910 suclr
1131 3874 1148 3908 a
1164 3857 1324 3907 reiormation
1338 3858 1390 3907 and

436 3933 601 3990 exequentes,
620 3928 689 3978 circa
705 3928 842 3990 predictos
858 3943 902 3978 ca·
925 3927 1016 3978 reform
1037 3943 1067 3978 as
1089 3929 1141 3981 tbis
1158 3928 1218 3976 writ
1239 3928 1391 3988 prescribes,

435 3998 513 4058 pillos
528 3997 680 4052 scindendos
691 4003 717 4047 et
727 4011 814 4051 crocos
824 3998 902 4059 depo·
924 3999 986 4047 than
1012 3998 1040 4046 in
1073 4012 1125 4059 any
1153 3996 1291 4058 precedent
1324 3991 1391 4059 age?

434 4068 541 4128 nendos,
559 4083 593 4118 ne
615 4067 649 4118 ed
676 4069 783 4130 capillos
804 4071 902 4117 vestros
924 4066 1063 4133 (Pryune’s
1079 4067 1165 4130 Pepal
1176 4067 1390 4128 Usurp.tom.u.

435 4136 587 4188 scindendos
598 4136 710 4198 forcipes·
717 4151 845 4199 apponere
855 4137 899 4185 de·
924 4153 952 4199 p.
963 4133 1034 4201 479.)

435 4206 552 4257 beamus.
585 4206 664 4258 Teste
685 4221 726 4256 me
747 4207 805 4267 ipso
828 4206 900 4267 apud
961 4203 1164 4256 ¹Vireieonum
1182 4203 1391 4266 subieritigso-

436 4274 516 4336 clyve
532 4276 645 4327 mundo
663 4275 705 4326 die
724 4276 900 4338 Septembris?
924 4274 1003 4326 minis
1013 4280 1051 4326 eet
1061 4270 1126 4344 tut]
1146 4278 1159 4324 1
1172 4273 1231 4327 cor.
1243 4287 1282 4325 xl.
1296 4278 1337 4325 lt.
