3142 5025
220 519 291 566 nra.
308 499 366 583 11.]
509 515 683 565 fflsroam
706 516 883 565 novrum.
1024 517 1028 524 ·
1106 500 1171 565 719

221 672 416 755 sumptibus
439 679 474 737 et
495 671 531 737 in
546 690 692 755 quarum
713 672 815 737 terris
838 674 1040 736 constructa
1059 676 1171 747 erant,

222 771 420 851 reddiderit,
434 770 495 837 sed
510 772 620 849 laicis,
637 772 832 855 eisdemque
848 788 973 854 parum
986 768 1171 851 religiosis,

223 871 493 937 contradiderit?
532 871 621 935 .Ista
642 871 697 935 vir
719 870 778 935 ille
804 878 882 935 tum,
900 868 1075 953 privatim,
1096 876 1170 933 tum

223 971 328 1037 etiam
342 970 479 1054 publice
497 988 614 1035 coram
638 989 720 1052 rege
745 968 932 1046 affirmans,
948 967 1172 1051 ejusdemque

224 1089 327 1135 aures
339 1070 382 1134 de
397 1068 601 1133 liberatione
614 1075 650 1133 et
663 1068 883 1133 restitutione
893 1066 1094 1150 pontificum
1109 1084 1172 1149 ap·

224 1168 370 1251 pellaus,
387 1187 521 1233 omnem
539 1168 753 1250 consumpsit
774 1186 926 1250 operam,
943 1166 980 1229 in
995 1165 1092 1230 nullo
1108 1186 1172 1230 au·

225 1268 337 1332 ditus:
369 1274 592 1349 quapropter,
613 1267 767 1349 vigorem
793 1284 965 1329 canonum
988 1264 1171 1347 experien-

226 1366 308 1430 dum
331 1373 441 1443 ratus,
463 1366 620 1442 concilio,
634 1366 726 1449 quod
749 1372 876 1448 quarto
895 1363 1062 1428 kalendas
1086 1363 1171 1447 Sep·
1185 1389 1283 1439 suaa.

226 1465 367 1529 tembris
384 1464 618 1529 celebraturus
640 1462 932 1541 eratwintoniae,
956 1463 1098 1527 fratrem
1119 1463 1173 1527 in·

225 1570 427 1629 cunctanter
443 1563 564 1628 adesse
578 1563 754 1647 praecepit.

225 1712 275 1800 Du
289 1752 455 1812 OONOILIO
478 1753 613 1800 Haalro
631 1753 701 1800 PRO
717 1751 896 1800 CAPTlONR
912 1750 1173 1802 urlscoromffl.

279 1860 373 1943 §22
397 1860 502 1943 Dicto
528 1861 583 1926 die
611 1879 730 1925 omues
753 1860 824 1924 fere
848 1859 1001 1943 episcopi
1022 1857 1175 1943 Angliae,
1188 1881 1305 1923 cana-e

228 1978 306 2023 cum
323 1958 518 2026 Thetbaldo
531 1958 791 2042 archiepiscopo
808 1958 1077 2041 Cantuariaequi
1085 1959 1176 2025 wil·
1189 1932 1327 1973 mm

229 2057 331 2125 lelmo
347 2046 576 2137 succeiserat,
588 2065 758 2123 venerunt
770 2057 999 2122 wintoniam.
1050 2054 1176 2122 Arcbi-

229 2156 411 2240 episcopus
435 2157 664 2223 Eboracensis
687 2155 874 2221 Turstinus
888 2175 964 2238 :pro
977 2156 1177 2221 valetudiue

228 2274 300 2338 qua
323 2256 547 2338 gravabatur,
571 2256 633 2321 vix
658 2256 748 2319 enim
774 2254 880 2319 animi
895 2254 1027 2319 viribus
1051 2274 1176 2338 corpus

231 2355 385 2437 regebat,
400 2355 516 2421 caeteri
530 2375 613 2420 vero
628 2374 693 2437 pro
705 2372 844 2437 guerra,
860 2354 969 2418 literis
984 2355 1177 2427 absentiam

228 2472 326 2520 suam
341 2461 562 2520 excusarunt.
615 2453 759 2520 Lectum
783 2453 965 2537 estprimo
979 2453 1016 2518 in
1029 2453 1175 2520 concilio

227 2553 404 2624 decretum
429 2553 624 2620 Innocentii
647 2573 760 2638 papae,
784 2573 854 2637 quo
868 2553 948 2637 jam
969 2571 992 2618 a
1017 2552 1176 2620 kalendis

231 2653 353 2718 Martii
366 2641 415 2739 (si
437 2655 526 2718 bene
545 2649 778 2738 commemini)
795 2660 913 2735 partes
934 2651 1176 2719 sollicitudinis

230 2771 304 2817 suae
325 2752 416 2818 idem
438 2753 649 2836 apostolicus
662 2752 802 2817 domino
822 2753 984 2835 episcopo
1001 2752 1177 2817 Wintoni·

186 2905 188 2908 .
230 2851 305 2916 ensi
317 2851 398 2936 jure
421 2843 605 2935 legationis
628 2851 667 2916 in
689 2849 823 2934 Anglia
840 2851 1051 2935 injunxerat
1102 2852 1178 2916 Ex·
1294 2895 1298 2900 -

229 2956 367 3034 ceptum
385 2951 419 3016 id
435 2970 569 3018 summo
585 2950 716 3029 favore,
728 2951 835 3035 quod,
847 2951 1075 3016 diuturnitate
1089 2958 1176 3017 tem·

228 3049 324 3132 poris
353 3051 616 3134 temperantiam
644 3069 743 3115 snam
771 3047 958 3114 ostendeus
982 3051 1178 3135 episcopus,

230 3168 300 3213 non
315 3168 353 3213 se
365 3157 545 3233 prampta
558 3150 711 3232 legatum
726 3149 982 3232 promulgasset
991 3150 1177 3233 jactantia.

232 3245 408 3313 Processit
420 3248 582 3332 deinceps
594 3249 632 3312 in
649 3249 796 3313 concilio
810 3267 924 3313 sermo
939 3248 1094 3332 ejusdem
1109 3249 1178 3314 La·

230 3345 371 3422 tialiter,
385 3345 430 3410 ad
444 3346 601 3412 literatos
616 3346 768 3422 babitus,
782 3345 826 3417 de
840 3346 1080 3428 indignatione
1095 3366 1178 3430 cap·

231 3443 335 3508 tionis
367 3443 628 3527 episcoporum:
667 3464 816 3526 qnorum
852 3445 1110 3510 Salesbiriensis
1141 3447 1179 3509 in

230 3559 367 3607 camera
390 3542 508 3620 cunm,
536 3541 809 3608 lindocoliensis
827 3543 866 3608 in
892 3543 1083 3608 diversorio
1113 3563 1178 3609 suo

231 3641 414 3724 intercepti
424 3649 559 3722 essent3
579 3641 767 3721 Heliensis,
782 3642 977 3725 exemplum
991 3643 1103 3708 simile
1118 3663 1177 3708 ve-

231 3741 331 3817 ritus,
344 3740 455 3805 veloci
467 3741 629 3825 profugio
642 3741 685 3806 ad
704 3741 846 3806 Divisae
860 3760 899 3805 se
913 3740 1104 3807 calamitati
1116 3762 1178 3807 ex-

231 3839 383 3908 emisset.
434 3839 577 3906 ‘Scelus
590 3841 783 3906 miserabile
803 3859 919 3923 regem
933 3841 978 3904 ab
992 3840 1178 3906 incentori-

125 3985 147 4019 „
230 3939 296 4002 bus
318 3940 368 4004 ita
389 3937 496 4006 fuisse
517 3940 709 4018 seductum,
721 3947 761 4005 ut
773 3940 970 4005 bominibus
991 3941 1077 4019 suis,
1090 3960 1178 4023 prae„

231 4039 349 4103 sertim
372 4039 555 4122 episcopis,
571 4041 608 4103 in
625 4041 729 4105 curiae
745 4058 818 4104 suae
833 4059 919 4122 pace
941 4058 1064 4104 manus
1081 4040 1178 4123 injici
1278 4033 1281 4042 '

226 4138 400 4220 jussisset.
451 4136 601 4222 Adjecta
622 4147 713 4204 esset
736 4138 833 4221 regio
849 4139 1007 4207 dedecori
1026 4140 1179 4205 coelestis

230 4237 369 4321 injuria,
394 4245 442 4317 ut,
462 4239 526 4302 sub
542 4239 686 4304 obtentu
709 4239 820 4330 culpae
843 4239 1056 4325 pontificum,
1069 4240 1177 4306 eccle·
