3142 5025
201 569 269 615 cm.
287 555 352 634 1v.]
433 571 547 620 cusan
572 571 698 620 arcun
723 573 935 622 nnenoauu.
1089 559 1155 623 495

200 726 271 804 vit;
295 727 346 790 ita
359 727 395 788 in
412 725 487 810 ejus
503 727 620 791 furtim
644 736 765 812 pectus
778 730 867 794 vitia
888 749 953 812 pro
966 729 1155 794 virtutibus

202 827 389 908 serpebant
403 834 443 890 ut
463 827 656 892 discernere
671 831 841 912 nequiret.
894 830 966 893 Diu
981 828 1155 893 dubitavit

203 924 350 988 mundus
373 946 442 1009 quo
465 928 603 990 tandem
619 936 790 1010 vergeret,
807 949 876 1012 quo
898 949 936 993 se
959 929 1155 1006 inclinaret,

201 1025 335 1089 indoles
363 1025 467 1089 illius.
522 1026 620 1092 In'ter
645 1027 756 1105 initia,
785 1030 925 1092 vivente
959 1027 1156 1093 Lanfranoo

203 1123 473 1207 archiepiscopo,
505 1127 549 1190 ab
576 1127 669 1191 omni
696 1128 839 1191 crimine
865 1126 1085 1205 abhorrebat,
1116 1135 1156 1192 ut

202 1225 342 1288 unicum
375 1222 448 1289 sore
471 1244 591 1307 regum
620 1226 798 1308 speculum
827 1233 1047 1309 speraretur3
1085 1247 1155 1310 quo

202 1323 378 1401 defuncto,
401 1324 603 1407 aliquandiu
620 1327 755 1390 varium
778 1312 827 1389 se'
841 1326 1006 1409 praestitit
1028 1326 1155 1408 aequali

203 1422 302 1486 lance
329 1424 491 1488 vitiorum
517 1432 621 1508 atque
645 1426 834 1490 virtutum:
854 1426 929 1510 jam
952 1445 1047 1503 vero,
1074 1447 1154 1509 pos·

204 1524 322 1586 tremis
342 1524 442 1587 annis
462 1519 645 1589 ¹bonorum
663 1526 803 1607 gelante
826 1525 954 1603 studio,
969 1525 1156 1590 incommo-

205 1620 326 1686 dorum
343 1616 462 1704 ²seges
483 1643 703 1689 succrescens
731 1624 887 1690 incaluit.
940 1624 987 1688 Et
1006 1632 1083 1689 erat
1104 1626 1156 1690 ita

203 1721 355 1786 liberalis
382 1723 474 1805 quod
506 1724 683 1807 prodigus,
712 1725 763 1788 ita
792 1724 1035 1806 magnanimus
1062 1725 1155 1808 quod

204 1823 384 1903 superbus,
397 1823 448 1887 ita
471 1842 612 1888 severus
629 1823 721 1906 quod
745 1843 870 1888 saevus.
923 1823 1044 1887 Liceat
1066 1825 1155 1887 enim

204 1920 300 1999 mihi,
323 1941 409 2005 pace
431 1923 624 2007 majestatis
643 1925 760 2005 regiae,
782 1943 900 1988 verum
927 1942 996 1988 non
1018 1923 1158 1988 occulu-

204 2021 292 2100 isse3
328 2023 411 2104 quia
433 2024 500 2086 iste
526 2043 648 2105 parum
673 2025 787 2088 Deum
813 2023 1045 2100 reverebatur,
1072 2023 1156 2089 nibil

205 2120 379 2185 homines:
408 2124 499 2204 quod
526 2122 748 2187 indiscretum
775 2124 806 2186 si
832 2124 909 2206 quis
936 2122 1064 2187 dixerit
1084 2143 1155 2187 non

207 2221 374 2302 peccabit,
398 2223 480 2303 quia
505 2241 526 2286 a
551 2223 767 2306 sapientibus
795 2223 943 2287 tenenda
966 2223 1013 2285 sit
1040 2223 1156 2287 mode·

206 2321 308 2398 ratio,
321 2328 361 2385 ut
375 2322 471 2385 Deus
492 2322 654 2387 timeatur
674 2323 767 2386 omni
788 2329 953 2404 tempore,
967 2320 1070 2386 bomo
1092 2342 1155 2404 pro

208 2426 370 2501 tempore.
424 2420 509 2484 Erat
530 2422 559 2484 is
577 2421 661 2486 foris
676 2429 712 2485 et
732 2422 768 2484 in
787 2428 961 2486 conventu
978 2420 1154 2484 hominum

206 2519 337 2599 tumido
352 2520 450 2584 vultu
477 2528 624 2599 erectus
640 2522 768 2586 minaci
783 2521 884 2585 oculo
902 2528 1073 2585 astantem
1092 2522 1151 2586 de-

205 2618 326 2699 figens,
341 2627 377 2683 et
399 2620 560 2685 affectato
583 2622 696 2702 rigore
718 2622 825 2685 feroci
843 2640 927 2685 voce
950 2620 1150 2703 colloquen-

207 2724 276 2780 tem
289 2720 512 2783 reverberans
525 2742 533 2799 ;
549 2728 716 2804 quantum
732 2720 921 2804 conjectari
934 2721 1049 2797 datur,
1058 2728 1153 2785 metu

205 2818 331 2899 inopiae
353 2825 389 2881 et
407 2817 553 2883 aliorum
579 2821 731 2903 perfidiae
756 2821 835 2903 plus
860 2821 958 2903 justo
984 2820 1090 2884 lucris
1116 2828 1151 2885 et

205 2916 385 2981 severitati
407 2917 553 2983 deditus
605 2919 708 2983 Intus
724 2928 759 2984 et
774 2921 811 2983 in
824 2920 976 2984 triclinio
993 2940 1069 2983 cum
1084 2920 1153 3003 pri-

206 3018 310 3093 vatiS,
339 3018 433 3081 omni
461 3012 622 3083 ³lenitate
654 3019 907 3095 accommodus,
937 3019 1048 3083 multa
1071 3019 1153 3104 joc'o

205 3118 442 3198 transigebat;
474 3117 703 3183 facetissimus
722 3139 861 3201 quoque
882 3118 925 3183 de
946 3120 1064 3202 aliquo
1088 3140 1153 3184 suo

204 3235 385 3299 perperam
398 3218 492 3282 facto
514 3219 707 3296 cavillator,
721 3227 760 3283 ut
778 3218 943 3282 invidiam
957 3219 1040 3282 facti
1063 3218 1152 3284 dilu-

205 3324 279 3380 eret
300 3323 335 3381 et
358 3316 402 3379 ad
422 3316 513 3381 sales
526 3318 739 3383 transferret.
791 3318 859 3382 Sed
881 3318 924 3381 de
945 3318 1155 3383 liberalitate

205 3416 281 3499 ejus
297 3435 367 3499 qua
382 3436 419 3479 se
435 3418 549 3499 ipsum
562 3417 717 3495 fallebat,
731 3425 814 3500 post
827 3417 932 3481 etiam
947 3418 990 3481 de
1003 3420 1151 3494 caeteris,

205 3534 317 3579 sermo
339 3516 508 3598 prolixior
532 3518 609 3594 erit,
637 3525 677 3581 ut
706 3518 886 3582 ostendam
910 3524 1042 3599 quanta
1067 3518 1154 3582 vitia
1264 3538 1268 3543 ·

204 3616 238 3677 in
253 3635 295 3680 eo
310 3618 375 3679 sub
389 3623 565 3699 praetextu
577 3618 744 3681 virtutum
759 3617 974 3700 pullularint.

257 3714 367 3796 §ala
391 3716 480 3779 Sunt
506 3717 595 3779 enim
621 3717 690 3781 dno
715 3716 855 3780 omnino
883 3735 1011 3797 genera
1038 3716 1314 3825 largo-pupinus

205 3832 306 3893 rum3
341 3814 442 3879 alteri
474 3815 622 3897 prodigi,
654 3816 755 3880 alteri
786 3815 946 3879 liberales
979 3814 1149 3878 dicuntur.
1179 3790 1209 3836 ‘y'

206 3912 350 3996 Prodigi
367 3922 459 3992 sunt,
474 3915 534 3997 qui
556 3916 590 3978 in
615 3934 657 3979 ea
681 3916 845 3998 pecunias
866 3932 948 3978 suas
972 3912 1153 3979 effundunt

241 4151 249 4183 ¹
262 4155 402 4205 Bonorum.
415 4189 422 4204 .
435 4190 442 4205 .
453 4151 580 4220 incoluit]
595 4155 623 4206 S.
634 4156 663 4205 C.
726 4150 848 4217 weges]
866 4154 895 4203 S.
908 4155 938 4204 G.
957 4154 1008 4215 Ε.;
1024 4168 1098 4218 ceges
1114 4158 1152 4207 oet

205 4225 239 4272 D.
251 4225 301 4284 E.;
316 4226 383 4272 omni
403 4226 503 4287 gelante
519 4225 604 4274 studio
616 4226 664 4275 vir·
690 4224 821 4286 segnities,
832 4224 866 4273 D.

204 4298 297 4354 tutum,
307 4295 424 4343 vitiorum
436 4296 462 4343 in
473 4310 503 4344 eo
513 4294 582 4344 calor
592 4296 665 4345 effer·
726 4292 735 4321 ³
746 4292 880 4357 Μαῖα]
906 4294 940 4343 D.
965 4294 997 4343 Ε.
1020 4295 1066 4356 L.;
1090 4296 1153 4345 levi·

202 4365 267 4426 buit,
279 4363 311 4412 A.
323 4365 354 4415 L.
690 4365 746 4426 tati,
757 4364 802 4424 S.;
817 4364 924 4426 lenitati,
935 4364 968 4413 A.
982 4366 1012 4414 C.
