3142 5025
223 496 293 545 nm.
310 480 382 564 nn]
510 497 685 546 nrsronrs
707 497 885 547 novumn.
1107 480 1174 547 765

224 671 340 719 secum
351 655 541 734 obsidibus,
556 676 635 720 cum
650 655 824 739 expeditis
840 653 1008 719 militibus
1025 673 1086 737 per
1095 661 1174 719 tuta

224 753 377 837 hospitia
401 756 445 819 ad
471 755 616 820 Waram
642 755 818 838 profectus
846 761 911 831 est,
934 774 1037 837 quem
1057 755 1173 818 vicum

225 872 305 917 cum
318 855 463 919 castello
473 855 679 939 jamdudum
693 855 913 919 commiserat
927 854 998 920 filio
1021 872 1085 917 suo
1102 854 1173 936 pri·

225 954 402 1035 mogenito
415 953 604 1019 Willelmo.
656 954 712 1018 Ibi
735 954 915 1037 aliquanto
942 960 1023 1036 post
1047 953 1173 1017 festum

226 1053 340 1116 sancti
353 1052 377 1117 J
380 1053 527 1117 ohannis
544 1052 617 1119 alto
631 1072 746 1135 seper
760 1053 830 1117 Dei
846 1052 994 1135 gratiam
1016 1053 1174 1116 commit·

227 1157 316 1228 tens,
331 1170 440 1216 naves
454 1171 542 1235 quas
559 1159 642 1217 tunc
663 1152 814 1217 babebat
826 1152 943 1217 solvit.
995 1150 1085 1230 Quae
1102 1150 1174 1215 fere

226 1251 263 1313 in
276 1250 426 1315 medium
443 1270 537 1316 mare
551 1251 689 1329 delatae,
704 1269 824 1315 omnes
845 1257 973 1333 praeter
986 1250 1074 1314 duas
1088 1256 1175 1314 tem.

227 1356 364 1431 pestate
386 1358 506 1415 coorto
529 1351 566 1415 in
589 1351 730 1415 diversa
745 1350 912 1434 jactatae3
946 1349 1175 1433 quaedamque
1292 1396 1296 1404 ι

227 1456 321 1513 retro
335 1467 460 1528 versae,
476 1450 637 1532 quaedam
659 1450 751 1514 ultra
767 1448 978 1513 destinatum
1000 1450 1175 1532 propulsae

226 1555 327 1613 sunt:
360 1548 437 1612 duae
459 1549 689 1626 solummodo,
721 1548 926 1631 inquorum
955 1568 1027 1612 una
1059 1567 1175 1613 comes

226 1666 305 1712 cum
329 1647 505 1711 fidissimis
528 1655 616 1726 erat,
628 1656 761 1712 rectum
783 1667 924 1712 cursum
943 1654 1114 1726 tenentes,
1138 1648 1175 1712 in

225 1746 385 1810 idoneam
407 1747 593 1812 stationem
615 1747 833 1830 appulerunt.
885 1746 1041 1813 Veniens
1057 1747 1176 1831 itaque

228 1843 431 1924 Cadmum,
455 1846 614 1911 comitem
636 1844 926 1929 Andegavensem
947 1866 1010 1930 per
1030 1847 1176 1912 nuncios

228 1945 421 2011 accersivit.
472 1944 581 2011 Venit
600 1944 660 2009 ille
682 1965 751 2010 non
776 1952 1014 2028 aspernanter,
1029 1946 1091 2013 sed
1113 1965 1176 2012 au·
1216 1944 1224 1959 '

229 2043 312 2107 ditae
325 2044 491 2126 legationi
504 2063 569 2109 sua
582 2044 841 2127 impedimenta,
863 2052 899 2109 et
919 2045 1103 2123 ea'multa,
1116 2046 1177 2110 ob-

224 2143 330 2227 jecit:
352 2144 547 2226 interquee,
564 2144 658 2226 quod
679 2144 866 2208 rebellione
889 2143 1076 2208 multorum
1099 2164 1176 2208 cas·

229 2242 390 2306 tellorum
406 2242 443 2306 in
461 2241 678 2307 Normannia
690 2243 903 2307 detineretur
916 2262 986 2325 quo
1005 2244 1118 2307 miuus
1139 2244 1177 2307 in

229 2339 393 2423 Angliam
409 2343 551 2407 veniret.
604 2343 659 2407 Ea
671 2362 727 2406 res
740 2360 855 2406 moras
870 2341 1036 2407 redeundi
1057 2343 1176 2407 comiti

231 2439 489 2506 Gloecestrensi
511 2442 605 2506 ultra
626 2441 794 2526 placitum
820 2442 1000 2506 innexuit:
1032 2460 1114 2505 nam
1136 2448 1177 2505 ut

229 2539 516 2624 Andegavensem
538 2542 633 2606 omni
653 2543 836 2607 occasione
859 2541 1017 2620 nudaret,
1034 2561 1113 2605 cum
1134 2561 1177 2606 eo

228 2640 347 2705 decem
363 2641 508 2705 castella
531 2642 748 2724 expugnavit
770 2642 808 2705 in
825 2640 1054 2718 Normannia‚
1072 2635 1176 2723 ¹qno·

229 2759 306 2804 rum
328 2740 403 2804 haec
425 2747 507 2804 sunt
521 2741 704 2818 vocabula,
725 2739 991 2819 Tenerchebrai,
1014 2739 1178 2805 Seithila·

228 2846 294 2916 ret‚
328 2838 540 2918 Brichesart,
565 2833 702 2918 'Alani
736 2839 970 2920 Bastonborg,
1002 2838 1177 2918 Triveres,

231 2937 351 3003 Castel
373 2938 415 3002 de
428 2938 529 3017 Vira,
545 2939 705 3018 Plaiseiz,
720 2937 850 3016 Vilers,
871 2937 1057 3004 Moretoin.
1108 2938 1177 3003 Sed

230 3038 477 3122 propemodum
503 3039 589 3102 nibil
613 3046 782 3122 quantum
807 3038 851 3102 ad
874 3037 1085 3120 legationem
1110 3037 1177 3102 bac

229 3138 406 3220 promovit·
427 3138 619 3217 industria3
652 3136 916 3220 Andagavensis
943 3137 1035 3201 enim
1062 3156 1177 3202 comes

226 3244 266 3300 et
291 3237 379 3302 alias
401 3237 613 3313 occasiones,
634 3237 807 3319 prioribus
828 3236 963 3314 solutis,
985 3237 1178 3314 substituit,

231 3334 357 3415 quibus
388 3334 427 3396 in
448 3331 614 3416 Angliam
641 3334 828 3399 adventum
856 3341 1040 3398 excusaret
1062 3353 1176 3400 suum.

228 3432 356 3514 Magni
370 3450 455 3495 sane
470 3431 548 3496 loco
563 3431 721 3496 beneficii
736 3432 844 3496 filium
860 3452 961 3497 suum
972 3451 1018 3497 ex
1030 3433 1180 3515 impera-

228 3531 316 3595 trice
338 3527 604 3614 primogenitum
631 3533 805 3596 avunculo
839 3532 1010 3595 concessit
1039 3531 1078 3595 in
1101 3529 1178 3595 An-

231 3630 338 3713 gliam
362 3629 612 3708 deducendum,
633 3629 734 3713 cujus
754 3631 884 3694 intuitu
906 3649 1066 3713 proceres
1088 3630 1179 3714 justi

230 3729 377 3794 haeredis
400 3736 518 3812 partes
542 3748 763 3812 propugnare
784 3730 1030 3796 animarentur.
1082 3729 1180 3793 Hen-

230 3829 323 3894 ricus
340 3835 486 3893 vocatur
501 3847 599 3910 puer,
621 3847 746 3894 nomen
767 3829 827 3893 avi
848 3829 1021 3894 reserens:
1044 3829 1179 3894 utinam

231 3929 433 3993 felicitatem
450 3934 486 3991 et
499 3928 694 4011 potentiam
710 3927 918 4012 quandoque
935 3927 1118 3992 relaturus.

267 4193 399 4252 Quorum
482 4190 628 4264 Moretoin.]
648 4197 697 4258 e'.;

233 4266 375 4317 onim
386 4265 416 4316 ἃ
430 4266 460 4315 c·
473 4265 508 4316 D·
519 4266 555 4316 K·
567 4266 622 4317 Μ.
753 4228 873 4298 ’saner
890 4233 962 4295 c1.;
978 4231 1065 4292 arun,
1076 4231 1132 4282 se.
