3142 5025
218 556 289 602 nra.
305 540 371 620 1v.]
447 557 562 604 unsri
585 555 712 603 nnouu
736 555 950 604 aserenon.
1102 540 1168 604 603

221 713 354 796 accepit
370 719 406 775 et
424 706 508 775 ¹non
533 712 750 775 mediocriter
764 712 885 790 auxit;
909 708 1119 787 Arelatensi,
1133 719 1168 775 et

130 850 135 860 ι
220 811 455 888 Narbonensi,
478 819 514 875 et
537 811 760 887 Prouinciali,
785 817 822 873 et
844 810 1082 874 Lemovicensi
1107 811 1168 872 ad-

215 911 360 993 junctis
400 911 564 974 Tolosam
578 930 716 992 quoque
731 928 753 972 a
768 929 932 990 germano
951 911 1044 986 emit,
1061 909 1169 991 pluri-

220 1011 285 1072 bus
299 1011 400 1072 aunis
425 1017 506 1072 ante
525 1011 643 1090 magni
656 1015 770 1071 motus
784 1010 877 1072 viam
899 1008 1054 1090 profecto
1071 1008 1168 1072 Iero-

219 1108 399 1191 solymam.
452 1108 520 1172 Sed
537 1108 611 1172 baec
625 1107 725 1170 multi
741 1110 905 1189 temporis
927 1109 1115 1171 intercessu
1133 1116 1168 1172 et

220 1215 323 1271 aetate
354 1209 510 1290 impensa
538 1208 659 1271 labori.
712 1205 851 1287 Itaque,
878 1208 1004 1288 pugnis
1034 1227 1169 1288 semper

220 1307 391 1384 assiduae,
402 1307 591 1388 legitimam
607 1325 749 1368 uxorem
764 1324 834 1367 non
849 1305 1068 1382 desideravit,
1080 1307 1168 1369 mul-

220 1407 340 1469 tinubo
368 1407 599 1470 concubinatu
621 1404 835 1485 voluptatem
867 1423 1043 1467 exercens.
1096 1405 1168 1468 De-

1180 729 1276 768 Account
1284 728 1309 767 ol

1181 779 1300 828 azymonr.

221 1505 325 1586 nique
350 1524 395 1568 ex
419 1525 489 1568 una
514 1504 674 1587 pellicum
698 1503 807 1565 lilium
829 1511 961 1580 natum,
991 1504 1168 1567 Bertranr-
1198 1525 1201 1530 ·

221 1622 316 1679 num,
355 1605 563 1684 cognatione
594 1610 630 1666 et
661 1601 864 1665 haereditate
897 1601 1061 1683 dignatus
1101 1610 1166 1679 est,

222 1703 313 1782 quod
337 1703 373 1764 in
399 1702 586 1785 aliquantis
605 1702 827 1783 patrissaret3
852 1701 906 1764 cui
921 1717 1065 1764 uxorem
1085 1721 1167 1765 con·

217 1795 523 1884 junxit²Matildis
539 1801 701 1864 Marcisae
719 1806 856 1881 neptem
874 1819 918 1862 ox
936 1800 1168 1881 Longobarda

221 1907 351 1977 natam,
369 1907 409 1963 ut
428 1901 522 1963 illius
541 1898 706 1962 affinitate
721 1893 817 1962 ³illas
843 1899 1029 1980 provinciae
1050 1907 1167 1981 partes

221 2005 405 2062 tutaretur.
457 1998 539 2080 Ipse
553 2017 690 2080 quoque
709 1998 874 2061 extremis
888 1997 958 2061 sere
978 2000 1078 2061 annis
1100 2019 1168 2062 ux-

221 2117 315 2160 orem
338 2099 461 2161 ascivit
476 2098 581 2160 filiam
603 2098 696 2178 regis
713 2097 996 2174 Tarraconensis,
1016 2098 1167 2179 splendi-

221 2195 301 2259 dam
326 2197 442 2260 dotem
470 2205 607 2279 pactae,
630 2204 796 2261 aeternam
825 2195 959 2259 scilicet
984 2198 1166 2260 contermi-

220 2314 342 2360 narum
369 2297 624 2378 provinciarum
649 2314 781 2378 pacem.
834 2294 910 2359 Nec
938 2295 1047 2358 multo
1074 2304 1167 2377 post,

220 2395 334 2458 nivem
365 2395 490 2476 capitis
518 2396 717 2476 respiciens,
746 2393 1071 2476 lerosolymitanum
1100 2395 1168 2459 iter

220 2495 329 2571 vovit,
344 2501 385 2558 ut
398 2495 482 2557 lassi
496 2502 531 2559 et
543 2494 650 2558 effoeti
664 2494 817 2577 corporis
832 2493 923 2558 vires
933 2493 1008 2577 jam
1017 2493 1074 2557 vel
1088 2511 1166 2559 sero

220 2593 298 2656 Deo
323 2593 557 2673 deservirent3
594 2600 736 2657 auctore
760 2584 933 2675 praecipue
962 2592 1166 2657 caturcensi

220 2693 393 2774 episcopo,
409 2692 508 2775 cujus
529 2694 705 2775 praecipua
725 2711 831 2774 opera
849 2694 924 2775 ipse
946 2710 1081 2775 semper
1101 2693 1165 2755 im·

72 2775 75 2780 ¹
126 2874 130 2879 .
219 2798 395 2872 pugnatus
413 2792 546 2855 luerat:
570 2792 724 2854 etiamid
737 2790 887 2872 quodam
907 2791 1034 2854 duellio
1056 2792 1166 2855 altero

220 2889 349 2953 lumine
363 2889 532 2971 privatuS,
545 2890 645 2973 cujus
665 2890 801 2971 insigne
816 2890 1023 2953 calamitatis
1040 2909 1112 2971 prae
1128 2910 1166 2954 so

219 2986 331 3051 serens
353 3008 422 3053 non
446 2990 558 3053 solum
577 3009 647 3052 uon
662 2989 872 3065 occultabat,
887 2990 1067 3054 sedetiam
1089 2990 1165 3070 glo-

217 3088 374 3150 riabatur
383 3088 487 3164 ultro,
502 3089 674 3169 specimen
689 3088 813 3151 nobilis
826 3088 958 3151 militiae
975 3095 1163 3152 ostentans.

220 3185 320 3249 Tunc
341 3193 456 3250 autem
477 3194 598 3249 mutua
617 3186 776 3250 soederati
802 3187 1023 3262 amicitiant
1045 3206 1164 3251 senec-

219 3290 328 3347 tutem
343 3304 441 3348 suam
455 3285 581 3349 divinis
595 3292 836 3351 consumerent
845 3276 1006 3362 cultibus,
1018 3285 1162 3350 Urbano

214 3382 289 3465 jam
310 3384 346 3445 in
367 3384 645 3465 praedicationem
670 3404 779 3466 prono
808 3383 965 3447 stimulos
988 3384 1161 3462 addidere,

218 3488 270 3557 ut,
293 3483 449 3546 transitis
473 3482 632 3565 Alpibus
662 3484 879 3565 potissimum
905 3481 997 3563 apud
1020 3482 1160 3547 Clarum

219 3579 375 3643 Mentem
395 3583 576 3645 concilium
598 3589 748 3663 cogeret,
764 3582 856 3665 quod
876 3588 968 3645 esset
982 3600 1023 3645 ea
1039 3568 1163 3647 civitas

219 3685 255 3741 et
277 3680 414 3742 illorum
437 3682 559 3762 patriae
584 3682 790 3764 propinqua,
814 3689 849 3745 et
874 3700 919 3744 ex
943 3687 1019 3744 tota
1046 3680 1164 3746 Gallia

217 3778 433 3841 venientibus
448 3787 653 3862 opportuna.
705 3780 956 3854 Veruntamen,
973 3781 1009 3842 in
1025 3780 1100 3861 ipso
1117 3780 1161 3844 ad

218 3877 401 3940 concilium
423 3878 557 3954 itinere,
582 3878 741 3959 pontifex
764 3879 861 3941 obitu
888 3876 1023 3944 defecit.
1076 3878 1163 3942 Suc·

253 4102 329 4153 1Νοιι
339 4106 512 4170 rnediocriterr]
538 4110 568 4157 C.
580 4110 614 4159 D.
627 4111 678 4169 E.;
705 4108 793 4169 aluta,
813 4124 841 4157 or
863 4110 972 4170 Helena,
995 4110 1119 4173 daughter
1139 4110 1170 4159 oi

216 4176 324 4223 immane
339 4180 471 4238 quantum,
482 4176 510 4226 S.
522 4178 572 4237 L.;
591 4180 617 4227 in
633 4180 679 4226 im-
704 4178 772 4227 Otho
783 4179 806 4227 1.
820 4178 889 4227 duke
900 4178 929 4227 ol
937 4180 1087 4241 Bnrguudy.

216 4258 339 4304 mensum,
350 4243 383 4293 A.
738 4242 844 4315 'mad
864 4247 898 4296 A.
910 4248 945 4297 D.
965 4250 998 4297 Ε.
1013 4250 1064 4311 L.,·
1086 4249 1167 4310 illius,

251 4310 262 4342 ²
283 4312 400 4361 Motildia
421 4313 538 4364 Maroae
562 4316 678 4379 neptem]
705 4315 774 4366 S.C.
