3142 5025
426 531 492 597 712
712 546 885 597 flieronis
910 548 1087 595 unvanus.
1252 533 1338 614 [nra.
1356 549 1381 596 ι.

429 702 570 767 enimet
587 704 723 785 magnis
743 702 920 769 laboribus
942 704 1016 768 suis
1036 706 1074 768 in
1096 722 1233 769 cassum
1251 705 1380 784 effusis,

431 802 523 867 datis
547 803 603 867 vel
629 802 817 867 honoribus
841 803 898 868 vel
925 803 1091 881 castellis,
1117 805 1315 868 simulatam
1336 806 1382 869 ad

432 908 569 983 tempus
599 920 720 985 pacem
751 904 797 967 ab
828 903 899 967 illis
930 903 1159 985 promerebat.
1220 904 1382 987 Denique

432 1000 559 1065 multos
576 1002 682 1065 etiam
707 1002 864 1079 comites,
879 1004 940 1085 qui
963 1009 1046 1066 ante
1070 1022 1140 1067 non
1155 1002 1305 1081 fuerant,
1327 1005 1381 1067 in·

432 1100 567 1180 stituit;
606 1101 780 1183 applicitis
822 1101 1099 1184 possessionibus
1128 1108 1164 1166 et
1192 1103 1382 1167 redditibus

434 1216 512 1281 quae
535 1200 674 1282 proprio
692 1200 772 1284 jure
795 1202 869 1282 regi
893 1201 1147 1283 competebant.
1199 1201 1310 1265 Erant
1330 1203 1382 1265 illi

435 1297 607 1363 avidiores
629 1299 673 1363 ad
695 1300 895 1382 petendum,
922 1306 958 1363 et
978 1300 1010 1362 is
1031 1299 1204 1383 profusior
1226 1302 1272 1364 ad
1296 1300 1382 1364 dan-

435 1396 539 1477 dum3
578 1399 661 1482 quia
684 1397 777 1462 fama
803 1419 865 1482 per
889 1396 1055 1480 Angliam
1078 1399 1262 1478 volitabat,
1289 1401 1381 1483 quod

436 1515 551 1561 comes
580 1496 793 1562 Gloecestrae
825 1498 1013 1575 Robertus,
1041 1497 1203 1580 quierat
1229 1499 1265 1562 in
1291 1499 1384 1563 Nor-

437 1597 589 1674 mannia,
614 1596 651 1660 in
677 1598 837 1679 proximo
860 1605 978 1680 partes
1012 1597 1139 1661 sororis
1169 1596 1260 1662 foret
1283 1598 1382 1681 adju·

437 1700 549 1773 turus,
581 1714 663 1776 rege
694 1696 934 1762 tantummodo
965 1704 1048 1760 ante
1075 1694 1240 1761 diffidato.
1307 1698 1383 1761 Nec

439 1786 540 1857 ¹lides
566 1812 680 1859 rerum
699 1794 801 1860 famae
822 1795 1000 1860 levitatem
1023 1795 1204 1860 destituit:
1227 1797 1385 1861 celeriter

437 1892 528 1957 enim
544 1900 625 1975 post
641 1894 884 1972 Pentecosten,
906 1896 1021 1958 missis
1040 1914 1062 1959 a
1079 1894 1296 1960 Normannia
1311 1897 1385 1959 suis

438 1992 525 2073 regi,
550 2012 645 2057 more
669 1995 840 2078 majorum
865 1993 1051 2057 amicitiam
1080 2001 1117 2058 et
1144 1994 1248 2058 fidem
1277 1996 1384 2059 inter-

438 2091 539 2170 dixit,
564 2092 727 2175 bomagio
747 2094 853 2161 etiam
885 2093 1065 2173 abdicat03
1102 2094 1271 2159 rationem
1295 2114 1384 2177 pree-

437 2190 551 2255 ferens
574 2211 678 2277 quam
700 2192 734 2256 id
755 2193 852 2280 juste
867 2193 1008 2270 faceret,
1022 2192 1105 2276 quia
1127 2200 1163 2257 et
1178 2213 1242 2257 rex
1264 2194 1383 2258 illicite

439 2294 483 2357 ad
498 2313 644 2375 regnum
668 2294 895 2377 aspiraverat,
912 2299 949 2356 et
963 2310 1098 2356 omnem
1114 2291 1216 2383 iidem
1242 2294 1307 2357 sibi
1326 2294 1386 2377 ju-

438 2400 550 2457 ratam
581 2392 795 2474 neglexerat,
826 2412 870 2456 ne
902 2391 1013 2455 dicam
1051 2390 1216 2455 mentitus
1252 2391 1385 2471 fuerat3

438 2493 585 2577 ipsemet
607 2494 692 2576 quin
717 2492 821 2558 etiam
851 2498 973 2556 contra
1000 2492 1113 2574 legem
1142 2491 1283 2574 egisset,
1314 2493 1387 2575 qui,

437 2583 518 2674 post
532 2600 785 2656 sacramentum
803 2592 896 2674 quod
911 2591 1022 2670 sorori
1032 2590 1186 2668 dederat,
1197 2585 1298 2656 alteri
1313 2593 1386 2656 cui-

438 2693 522 2756 libet
550 2711 592 2756 ea
607 2693 745 2756 vivente
769 2711 807 2756 se
833 2709 956 2756 manus
980 2689 1063 2753 dare
1086 2703 1156 2754 non
1181 2691 1385 2755 erubuisset.

439 2789 652 2856 Animabant
669 2792 831 2854 nimirum
856 2797 1004 2855 mentem
1026 2788 1103 2872 ejus
1124 2789 1311 2854 multorum
1333 2810 1388 2853 re-

439 2891 641 2972 ligiosorum
672 2910 849 2974 responsa,
878 2908 966 2971 quos
997 2907 1101 2971 super
1133 2890 1273 2971 negotio
1303 2908 1386 2953 con-

439 2989 615 3054 suluerat:
644 2988 752 3053 Nullo
769 2989 872 3053 modo
885 3008 964 3052 eum
986 3007 1088 3070 posse
1102 2987 1176 3050 sine
1196 2989 1386 3070 ignominia

439 3087 547 3151 vitam
570 3095 775 3170 praesentem
798 3089 1003 3170 transigere,
1019 3086 1074 3150 vel
1096 3088 1219 3150 mereri
1242 3089 1388 3151 beatitu-

440 3186 554 3250 dinem
577 3187 715 3264 futurae,
739 3189 769 3250 si
797 3194 952 3269 paternae
972 3185 1236 3250 necessitudinis
1269 3206 1385 3250 sacra-

440 3294 592 3351 mentum
617 3286 752 3351 irritum
775 3286 930 3350 haberet.
980 3279 1051 3349 2Ad
1076 3285 1151 3348 baec
1171 3286 1276 3348 etiam
1302 3305 1387 3368 apo-

440 3386 554 3449 stolici
576 3386 704 3451 decreti
730 3406 804 3469 pree
827 3405 865 3450 se
887 3393 1041 3449 tenorem
1063 3382 1206 3461 ferebat,
1228 3385 1387 3468 praecipi-

440 3485 530 3548 entis
546 3493 585 3549 ut
599 3492 829 3561 sacramento,
840 3484 932 3568 quod
947 3491 1117 3566 praesente
1133 3491 1232 3566 patre
1246 3483 1387 3560 iecerat,

439 3584 602 3648 obediens
619 3591 730 3664 esset3
755 3583 854 3668 cujus
875 3584 1004 3647 decreti
1024 3583 1189 3665 paginam
1205 3584 1388 3664 posteriori

440 3683 558 3748 libello
572 3682 723 3747 indicere
745 3684 885 3748 curabo.
939 3681 1027 3745 Haec
1042 3683 1096 3745 vir
1116 3681 1187 3757 ille,
1203 3682 1264 3763 qui
1285 3683 1389 3764 plena

441 3781 604 3847 satietate
619 3781 798 3846 literarum
822 3780 1002 3846 scientiam
1016 3780 1240 3856 combiberat,
1261 3801 1389 3862 magno

441 3881 556 3946 fructu
576 3882 641 3946 sibi
656 3881 731 3964 fore
750 3882 984 3963 inposterum
1006 3879 1150 3943 sciebat.
1202 3878 1388 3959 Caeterum,

442 4000 506 4045 rex
530 4000 623 4063 aegre
638 3980 752 4044 ferens
774 3981 909 4044 comitis
931 3977 1264 4061 magnanimitatem,
1280 3980 1390 4044 omni·

477 4251 485 4285 ¹
499 4248 598 4322 Fides]
611 4254 658 4315 E.,·
671 4253 774 4318 veritas,
785 4255 816 4304 S.
829 4255 860 4306 G.
868 4254 903 4304 D.
963 4249 975 4284 ²
992 4252 1034 4302 Ae
1055 4251 1128 4313 loa]
1152 4253 1202 4316 E.;
1219 4252 1295 4302 Adde
1313 4253 1393 4314 quod,

442 4325 496 4376 Li.
930 4323 959 4374 S.
972 4325 1002 4374 C.
1016 4323 1050 4373 D.
1061 4339 1069 4385 ;
1084 4322 1378 4384 Andematunnum.
