3142 5025
186 468 325 550 nina]
413 484 528 533 cnsra
555 484 682 532 ancum
707 484 920 536 sacrorum.
1073 472 1140 537 659

190 644 277 707 isset
302 641 371 707 diei
396 642 426 705 si
452 641 602 719 adesset,
630 640 673 705 ad
700 641 846 707 mediam
873 650 986 707 rotam
1014 643 1139 706 ductus
1152 664 1271 705 mamea

192 750 265 822 est3
289 748 325 807 et
341 741 390 807 ibi
404 741 535 825 recepit
554 740 740 805 secundam
757 743 951 807 orationem
973 761 995 805 a
1012 742 1139 806 Portu·
1152 716 1286 804 iiiiii&

191 843 266 906 ensi
300 842 475 924 episcopo,
512 842 604 904 sicut
634 841 793 923 praecipit
827 842 1006 906 Romanus
1040 842 1139 906 ordo.
1152 815 1268 866 ‘'⁹⁸¹⁸'‘

194 941 329 1031 Deinde
364 939 539 1004 duxerunt
568 958 646 1005 eum
677 959 755 1004 cum
785 942 925 1005 letaniis
951 960 1062 1024 usque
1094 940 1140 1004 ad

194 1040 444 1105 consessionem
470 1036 742 1122 Apostolorum
766 1033 824 1105 ¹et
855 1040 903 1104 ibi
931 1041 1035 1105 unxit
1062 1058 1140 1104 eum

195 1139 397 1205 Hostiensis
413 1139 597 1221 episcopus
609 1139 879 1223 inter-scapulas
895 1146 930 1204 et
947 1141 984 1203 in
999 1139 1140 1203 brachio

193 1240 331 1304 dextro.
383 1238 470 1303 Post
484 1237 559 1301 hoec
575 1257 597 1301 a
613 1237 752 1302 domino
766 1240 960 1322 apostolico
971 1238 1016 1301 ad
1029 1239 1140 1302 altare

195 1338 381 1404 eorundem
399 1337 636 1421 apostolorum
654 1337 842 1417 deductus3
866 1345 902 1403 et
923 1338 1061 1414 ibidem,
1076 1338 1140 1400 im-

195 1438 310 1521 posita
327 1438 393 1501 sibi
414 1454 543 1501 corona
560 1438 605 1500 ab
619 1436 697 1519 ipso
719 1438 924 1520 apostolico,
940 1438 977 1500 in
991 1437 1140 1519 impera-

195 1545 305 1602 torem
333 1545 388 1601 est
412 1542 648 1601 consecratus,
700 1534 789 1601 Post
813 1537 1012 1620 impositam
1043 1556 1141 1601 coro·

197 1655 275 1701 nam
301 1636 408 1701 missa
438 1635 481 1699 de
511 1634 779 1719 Resurrectione
805 1636 948 1700 Domini
975 1641 1030 1699 est
1050 1635 1140 1699 cele·

195 1737 316 1815 brata3
339 1737 376 1799 in
393 1741 559 1818 queunte
577 1736 852 1800 communionem
862 1735 1022 1799 dominus
1038 1726 1140 1816 ²apo·

195 1836 338 1900 stolicus
352 1834 572 1917 privilegium
595 1834 795 1917 imperatori
809 1835 950 1918 propria
963 1852 1068 1897 manu
1083 1834 1142 1897 de-

196 1934 260 2012 dit,
282 1934 319 1999 in
335 1954 404 2017 quo
421 1933 487 1997 sibi
509 1941 545 1997 ot
570 1952 679 2015 regno
701 1953 765 2023 suo
782 1933 875 2017 quod
897 1933 954 1997 bic
974 1934 1141 2015 scripturn

195 2041 250 2099 est
265 2033 447 2111 concessit,
468 2039 505 2096 et
526 2032 563 2097 in
584 2032 705 2097 eodem
732 2034 811 2098 loco
831 2034 897 2097 sub
920 2032 1142 2097 anathemate

196 2134 426 2199 confirmavit.

248 2232 356 2316 §424
378 2230 582 2295 ‘Paschalis
604 2231 799 2312 episcopus,
820 2248 943 2294 servus
965 2248 1141 2293 servorum
1155 2255 1261 2297 rums

198 2332 279 2409 Dei,
295 2331 498 2396 cromano
513 2329 550 2393 in
567 2328 707 2395 christo
723 2329 807 2406 eno,
824 2336 860 2393 et
874 2348 936 2411 per
952 2327 1020 2393 Dei
1036 2310 1222 2393 omni-⁸¹²³*

197 2432 351 2516 potentis
393 2429 541 2513 gratiam
576 2429 815 2493 Romanorum
847 2428 1048 2513 imperatori
1080 2447 1142 2491 au·

198 2539 314 2614 gusto,
338 2530 504 2608 Henrico‚
526 2529 657 2594 salutes
680 2537 717 2593 et
738 2529 966 2612 apostolicam
984 2527 1144 2592 benedic-

198 2632 339 2696 tionem.
391 2630 553 2712 Regnum
571 2636 726 2694 vestrum
747 2636 879 2693 sanctae
896 2628 1067 2693 Romanae
1089 2648 1144 2692 ec·

198 2730 314 2796 clasiae
328 2728 499 2794 cohaerere
512 2729 632 2794 divina
643 2728 825 2812 dispositio
835 2729 1036 2807 constituit3
1053 2747 1143 2810 prae-

199 2829 396 2894 decessores
405 2827 574 2910 siquidem
584 2829 704 2905 vestri,
713 2827 897 2911 probitatis
906 2834 943 2892 et
951 2827 1143 2911 prudentiae

199 2928 376 3010 amplioris
392 2929 519 3009 gratia,
538 2927 707 2992 Romanae
732 2929 828 2993 urbis
851 2945 1015 2992 coronam
1029 2934 1065 2991 et
1079 2927 1144 2990 im·

198 3029 332 3110 perium
347 3028 524 3093 consecuti
538 3034 641 3093 suntt
660 3027 705 3090 ad
720 3027 821 3112 cujus
834 3027 997 3092 videlicet
1007 3046 1145 3091 coronae

199 3135 234 3194 et
259 3127 395 3210 imperii
419 3125 637 3209 dignitatem,
669 3133 765 3192 tuam
792 3146 932 3211 quoque
961 3144 1144 3210 personam

201 3225 269 3305 (fili
297 3226 497 3292 charissime
524 3223 709 3311 Henrice),
734 3246 797 3310 per
820 3227 932 3291 nostri
961 3227 1146 3292 sacerdotii

199 3326 438 3403 ministerium,
463 3324 628 3409 majestas
654 3325 773 3390 divina
798 3326 972 3408 provexit.
1023 3318 1146 3390 ³Illam

199 3427 307 3508 igitur
329 3425 510 3507 dignitatis
533 3425 814 3507 praerogativam,
830 3444 935 3508 quarn
955 3424 1147 3507 praedeces-

199 3545 295 3592 sores
328 3525 438 3590 nostri
470 3525 596 3590 vestris
624 3525 936 3609 praedecessoribus
965 3524 1145 3590 catholicis

199 3625 465 3708 imperatoribus
480 3632 737 3702 concesserunt·
752 3632 789 3690 et
804 3624 1064 3706 privilegiorum
1082 3642 1145 3706 pa-

199 3725 290 3807 ginis
314 3724 618 3801 confirmaverunt,
640 3743 703 3788 nos
723 3730 950 3807 quoquotum
972 3722 1147 3786 dilectioni

236 3995 244 4025 ¹
254 3998 290 4044 Et
301 3996 336 4044 ibi
347 3998 421 4045 unxit
429 4011 483 4045 eum
524 3996 661 4078 deductus]
720 4018 731 4051 a
743 4021 816 4071 sum„
825 4021 907 4084 igin?
916 4019 1050 4084 amau,
1057 4034 1150 4082 prm.

199 4064 233 4184 ὲ.
245 4067 281 4186 g.
294 4068 327 4117 Ε.
341 4067 374 4117 G.
387 4068 423 4118 K.
435 4068 504 4126 Μή
521 4066 625 4116 omitted
636 4081 663 4115 m
684 4090 1056 4211 ἧῗΐῗᾳᾝᾝᾶέωῃῇ
1076 4089 1098 4137 ι
1106 4093 1149 4150 23

199 4193 428 4325 δᾈρῖεὲοῖὶουε]
440 4204 473 4258 Α.
484 4207 513 4256 C.
523 4205 569 4266 13.;
586 4219 663 4268 papa,
686 4178 807 4296 {iuzif}
821 4177 852 4282 (Γ)
863 4177 916 4226 lgm
979 4175 1035 4222 pm
1055 4175 1151 4224 ‘mm'
