3142 5025
432 535 498 600 630
648 551 763 599 essm
786 550 914 599 ancon
939 549 1153 598 ssononuu.
1250 534 1335 616 [nm.
1353 551 1387 599 v.

434 727 498 791 pro
529 707 597 771 fide
623 714 659 772 et
686 705 855 771 affinitate
884 724 1005 771 socero
1036 723 1279 769 annumerans.
1332 705 1386 768 Ea

436 806 686 882 munificentia,
707 807 745 869 in
768 805 841 869 filio
870 805 1074 870 Baidewino
1097 824 1168 868 non
1190 804 1385 882 imminuta,

437 906 540 971 haesit
552 907 590 969 in
605 905 751 970 Roberti
768 905 923 969 Frisonis
936 904 1080 980 malitia,
1097 923 1201 986 quam
1213 897 1386 985 ¹superior

437 1025 508 1068 non
523 1004 692 1087 praeteriit
712 1023 834 1067 sermo.
887 1003 999 1066 Porro
1015 1003 1081 1066 iste
1101 1002 1289 1078 RobertnS‚
1308 1002 1385 1065 Fri-

437 1104 532 1167 sonis
548 1103 651 1180 iilius,
667 1104 832 1166 omissum
854 1121 979 1166 munus
999 1120 1023 1165 a
1035 1100 1211 1165 Willelmo
1234 1101 1385 1164 secundo

438 1221 509 1266 non
530 1201 714 1266 difficulter
734 1202 1004 1284 impetraverat;
1027 1198 1120 1281 quod
1146 1205 1181 1262 et
1206 1200 1237 1262 is
1260 1218 1388 1280 cogna-

437 1301 567 1364 tionem
592 1300 827 1383 praetenderit,
851 1306 886 1363 et
907 1299 966 1362 illc
985 1298 1155 1364 invictum
1176 1299 1327 1360 animum
1349 1298 1386 1370 in

438 1400 636 1481 spargenda
667 1399 815 1481 pecunia
843 1399 996 1462 haberet.
1048 1397 1181 1462 Verum
1212 1395 1386 1461 Henricus

438 1498 563 1582 maJori
592 1498 744 1580 pondere
766 1517 838 1561 rem
862 1497 1048 1573 ventilans,
1077 1502 1118 1559 ut
1144 1514 1208 1559 nec
1234 1495 1386 1560 indebite

439 1590 626 1660 ²adunaret
647 1597 824 1678 pecunias,
854 1615 917 1659 nec
950 1595 1017 1659 nisi
1042 1595 1156 1658 debite
1179 1593 1387 1677 dilapidaret

440 1693 589 1772 habitas,
613 1694 769 1759 Roberto
786 1695 830 1758 ab
847 1693 1063 1777 lerosolyma
1083 1711 1234 1769 reverso,
1249 1701 1285 1757 et
1299 1712 1386 1774 qua·

440 1793 471 1856 si
484 1803 548 1875 pro
561 1793 705 1875 imperio
721 1800 894 1857 trecentas
911 1793 1048 1875 argenti
1069 1810 1203 1855 marcas
1219 1791 1385 1873 exigenti,

439 1891 477 1954 in
496 1891 586 1956 hanc
599 1892 778 1974 respondit
799 1892 1026 1956 sententiam:
1051 1891 1135 1955 Nou
1151 1889 1272 1955 solitos
1286 1909 1385 1972 reges

440 1988 786 2072 AnglimFlandritis
801 1991 951 2072 vectigal
976 1990 1136 2073 pendere,
1159 2008 1222 2053 nec
1247 1990 1388 2053 sevelis

439 2088 635 2152 libertatem
658 2090 828 2173 majorum
844 2088 982 2153 macula
1003 2107 1076 2152 suae
1098 2088 1294 2152 timiditatis
1315 2087 1387 2153 sus·

439 2206 542 2251 caret
564 2195 789 2271 quapropter,
811 2188 842 2251 si
865 2206 930 2251 sno
952 2186 1147 2251 committat
1169 2187 1323 2263 arbitrio,
1345 2186 1387 2250 li-

439 2287 561 2350 benter
576 2305 615 2350 se
626 2287 720 2369 quod
735 2286 978 2369 opportunitas
993 2285 1112 2350 siverit
1126 2293 1166 2350 ut
1180 2293 1330 2366 cognato
1352 2294 1388 2351 et

440 2385 552 2449 amico
573 2385 675 2466 dara3
699 2387 826 2450 sivero
850 2384 886 2448 in
911 2385 1093 2449 exactione
1118 2386 1389 2467 permanendum

442 2484 630 2567 putaverit,
643 2483 782 2549 omuino
804 2503 942 2566 negare.
995 2482 1076 2548 Hae
1094 2483 1153 2547 ille
1172 2483 1306 2548 ratione
1328 2483 1388 2549 de·

437 2584 566 2666 jectus,
584 2584 735 2647 animum
748 2584 859 2648 multo
872 2591 1027 2665 tempore
1047 2583 1085 2645 iu
1102 2603 1218 2665 regem
1241 2584 1397 2663 tumuitt

442 2682 516 2758 sed,
531 2701 654 2764 parum
676 2688 738 2745 aut
759 2682 845 2745 nihil
867 2681 1100 2745 simultatibus
1123 2682 1276 2765 adjutus»,
1290 2701 1388 2745 man-

442 2780 616 2845 suetudini
631 2788 781 2845 mentem
799 2779 1082 2856 accommodavit,
1092 2787 1258 2862 expertus
1272 2800 1389 2862 regem

441 2896 544 2960 posse
558 2879 651 2944 flocti
674 2880 843 2961 precario,
857 2898 926 2943 non
948 2878 1042 2942 fastu
1059 2879 1253 2961 tyrannico.
1304 2878 1328 2942 J
1331 2898 1387 2942 am

442 2995 525 3040 vero
543 2977 745 3041 Baldewino
757 2977 831 3041 filio
846 2977 922 3060 eju
930 2976 1083 3040 varietas
1096 2983 1290 3060 temporum
1305 2997 1387 3042 cau·

442 3092 501 3137 sas
514 3074 643 3137 irarum
654 3075 691 3138 iu
706 3094 824 3157 regem
841 3075 954 3140 dedit:
978 3075 1148 3158 siquidem
1159 3069 1389 3141 ⁸Willelmum

442 3171 550 3236 filium
575 3173 721 3237 Roberti
747 3172 941 3238 Normanni
965 3174 1086 3237 volens
1118 3174 1313 3239 haereditati
1335 3176 1388 3239 in-

442 3271 592 3349 trudere,
607 3271 729 3335 alicnis
746 3291 785 3336 se
801 3279 925 3355 sponte
940 3272 1089 3353 negotiis
1103 3272 1300 3350 immiscuit,
1315 3293 1389 3337 cre-

441 3371 572 3454 broque
597 3371 743 3435 castella
770 3371 863 3453 regis
891 3372 927 3433 in
955 3370 1175 3435 'Normannia
1200 3371 1390 3454 inopinatis

440 3468 613 3551 fatigabat
642 3470 853 3548 assultibus;
883 3487 1048 3551 magnum
1069 3470 1334 3547 incommodum,
1360 3473 1391 3535 si

444 3567 535 3631 Fata
549 3568 724 3646 sivissent,
740 3576 843 3633 terrae
856 3566 1027 3632 minatus:
1052 3567 1112 3630 sed
1131 3568 1224 3650 apud
1238 3561 1390 3633 *Areias

475 3820 635 3886 mention]
651 3821 901 3885 See§26⁷‚p.432.
927 3820 957 3871 oi
974 3820 1097 3871 Flanders
1115 3837 1184 3883 upon
1206 3822 1249 3874 the
1271 3824 1347 3877 death
1364 3826 1392 3876 oi

472 3888 644 3955 Metuant]
668 3889 702 3941 A.
716 3892 747 3942 C.
758 3891 794 3941 D.
809 3892 839 3941 Ε.
851 3892 901 3953 L.;
926 3889 1033 3941 charles
1042 3892 1067 3940 le
1079 3891 1144 3953 Bon,
1154 3892 1225 3941 Am.
1237 3897 1311 3945 1127.

438 3961 577 4022 adamaret,
587 3962 617 4010 S.
959 3957 971 3990 ⁴
991 3954 1120 4027 Arctoa]
1149 3960 1295 4013 Historiam
1316 3965 1391 4014 differ

472 4028 483 4060 ³
510 4030 659 4079 Wiltelmam
680 4028 766 4092 filium
800 4027 903 4077 Roderti
925 4028 986 4077 both
997 4034 1063 4077 asto
1074 4028 1117 4079 the
1130 4030 1300 4090 placewhere
1312 4034 1391 4082 Bald-

440 4093 599 4166 Nommi]
625 4098 748 4160 william,
766 4098 902 4146 sumamed
926 4098 1044 4147 winwas
1054 4098 1390 4161 wounded,undwhemhe

438 4167 533 4228 cliton,
555 4181 601 4216 son
622 4166 651 4215 of
670 4167 765 4215 Robert
782 4167 853 4215 duke
876 4167 905 4215 of
925 4168 994 4228 died,
1005 4167 1056 4216 and
1066 4182 1129 4217 even
1145 4182 1174 4217 as
1191 4173 1217 4218 to
1234 4169 1276 4219 the
1287 4173 1348 4220 time
1365 4173 1395 4222 oi

438 4236 588 4295 Nomandy
605 4236 656 4284 und
677 4236 769 4285 Sibilla
785 4236 818 4285 de
835 4234 902 4285 Oon·
925 4235 965 4285 his
983 4236 1073 4296 death;
1090 4238 1136 4285 but
1155 4238 1176 4284 it
1186 4251 1268 4287 seems
1284 4239 1340 4289 that
1357 4241 1389 4290 he

437 4318 552 4367 vernano,
559 4305 701 4353 succooded
708 4304 783 4354 tothe
790 4304 901 4354 earldom
925 4307 1017 4365 passed
1028 4306 1071 4355 the
1085 4306 1135 4354 last
1144 4309 1187 4355 ten
1198 4307 1297 4357 months
1308 4308 1338 4358 oi
1349 4309 1389 4359 his
