3142 5025
199 569 267 614 nm.
286 551 352 632 1v.]
432 568 546 616 ensrn
569 569 696 616 annun
720 570 935 618 suenorum
1086 554 1152 617 505

198 746 289 790 mam
306 727 465 812 perculit,
479 735 519 790 ut
541 709 712 808 fragmina
728 721 780 789 ¹in
803 734 879 791 tota
902 734 1149 809 spargerentur

199 826 356 903 ecclesia,
373 828 457 909 quin
472 833 507 890 et
523 827 679 889 crucifixi
697 834 803 909 caput
816 846 894 890 curn
909 826 1034 889 dextra
1049 827 1146 904 tibia,

199 932 234 988 et
247 926 433 1007 imaginem
456 932 586 989 sanctae
601 925 725 988 Mariae
740 926 876 1010 dejecit.
922 925 1069 989 Secutus
1092 933 1146 989 est

197 1024 282 1088 odor
307 1026 514 1102 teterrimus
537 1023 713 1088 hominum
740 1025 969 1108 importabilis
991 1025 1144 1088 naribus

197 1123 353 1187 Tandem
371 1124 543 1202 monachi,
558 1123 650 1187 felici
668 1143 755 1187 ausu
777 1125 1019 1207 irrumpentes,
1041 1125 1145 1187 bene·

195 1223 298 1287 dictae
327 1244 427 1307 aquae
458 1223 641 1306 aspergine
670 1223 867 1305 praestigias
896 1223 1025 1288 inimici
1058 1223 1143 1286 effu-

196 1330 335 1403 garunt.

248 1421 364 1504 5324.
389 1420 483 1500 Quid
508 1421 593 1485 illud
621 1422 780 1486 omnibus
804 1421 1019 1503 incognitum
1043 1442 1143 1488 secu·

195 1519 262 1584 list
281 1521 453 1586 discordia
468 1528 650 1584 ventorum
665 1521 755 1584 inter
776 1539 814 1584 se
830 1521 1081 1601 dissidentium,
1098 1524 1142 1586 ab

194 1628 414 1684 euro-austro
432 1622 585 1697 veniens
607 1621 739 1684 decimo
761 1627 863 1683 sexto
885 1619 1051 1684 kalendas
1067 1621 1103 1686 N
1105 1638 1240 1686 o·0ct1⁷·

194 1721 343 1783 vembris
371 1719 559 1783 Londoniae
591 1721 774 1802 plusquam
805 1713 986 1784 ²secentas
1020 1721 1140 1797 domos

194 1818 340 1901 effregit.
392 1818 667 1883 cumulabantur
689 1819 844 1883 ecclesiae
870 1839 950 1882 cum
970 1820 1140 1899 domibus,

195 1920 351 1982 maceriae
375 1938 453 1981 cum
474 1919 674 2000 parietibus
728 1918 848 2002 Majus
869 1938 1007 2000 quoque
1027 1921 1140 1984 scelus
1169 1989 1182 2013 ι

194 2015 290 2081 furor
315 2025 496 2082 ventorum
524 2037 641 2094 ausus
668 2024 799 2081 tectum
828 2018 983 2082 ecclesiae
1008 2027 1139 2083 sanctae

197 2116 319 2180 Mariae
336 2136 414 2198 quae
430 2117 492 2179 ‘ad
506 2114 631 2179 Arcus’
642 2117 768 2180 dicitur
785 2116 915 2199 pariter
931 2117 1139 2196 sublevavit,

195 2222 231 2278 et
244 2215 332 2280 duos
346 2216 501 2280 homines
517 2216 565 2279 ibi
579 2217 706 2279 obruit.
744 2215 1027 2298 Ferebanturque
1042 2219 1141 2298 tigna

194 2334 273 2377 cum
297 2316 452 2378 trabibus
477 2334 539 2396 per
561 2315 675 2391 inane,
702 2314 902 2395 spectaculo
924 2333 946 2377 a
968 2314 1072 2396 longe
1087 2318 1139 2380 vi·

194 2415 361 2491 sentibus
377 2414 492 2477 timori
508 2433 617 2496 prope
639 2413 812 2477 stantibus
835 2433 879 2476 ne
902 2415 1138 2479 obruerentur.

196 2511 358 2592 Quatuor
378 2515 488 2596 tigna,
503 2534 566 2577 sex
581 2520 616 2577 et
631 2514 756 2595 viginti
779 2514 884 2596 pedes
909 2513 1026 2594 longa,
1040 2522 1140 2579 tanta

196 2615 231 2677 vi
246 2614 446 2677 imbumum
468 2614 621 2695 impacta
642 2620 723 2677 sunt
737 2620 777 2677 ut
793 2614 855 2677 vix
870 2620 1020 2695 quatuor
1035 2614 1140 2696 pedes

194 2719 365 2777 extarent.
420 2712 577 2776 Notabili
594 2713 672 2777 visu
687 2712 858 2794 quomodo
873 2711 1033 2776 duritiem
1050 2720 1139 2776 stra-

195 2820 241 2875 tae
265 2812 411 2894 publicae
433 2812 662 2894 perruperint,
682 2831 723 2875 co
740 2812 788 2875 ibi
803 2812 922 2875 ordine
943 2813 1140 2894 positaque

195 2912 339 2973 intecto
361 2929 465 2973 manu
490 2910 631 2973 artificis
655 2909 793 2974 fuerant
814 2910 941 2993 locata,
958 2910 1073 2992 quoad
1095 2913 1140 2975 ob

196 3010 440 3092 impedimenta
470 3009 721 3072 transeuntium
755 3009 800 3073 ad
829 3009 1008 3091 planitiem
1038 3017 1140 3073 terrae

197 3117 278 3172 sunt
292 3109 442 3184 desecta,
456 3108 548 3189 quod
562 3108 663 3171 aliter
678 3108 751 3171 erui
766 3109 959 3190 nequirent.

247 3207 359 3290 §325.
384 3206 516 3286 Quinto
542 3226 633 3270 anno
659 3207 780 3271 eadem
803 3208 968 3271 violentia
989 3206 1141 3272 fulminis
1154 3224 1208 3264 nn.
1219 3225 1275 3264 1⁰⁹2.

196 3308 287 3389 apud
310 3306 531 3370 Salesbiriam
547 3301 676 3369 tectum
700 3307 806 3370 turris
827 3307 980 3370 ecclesiae
1003 3308 1141 3372 omnino

196 3406 344 3489 disjecit,
359 3406 573 3486 multumque
587 3406 771 3469 maceriam
789 3405 1025 3482 labefactavit,
1041 3407 1141 3488 quin-

196 3512 233 3568 ta
246 3524 330 3568 sane
346 3505 400 3568 die
415 3511 598 3587 postquam
610 3524 685 3567 eam
700 3504 921 3572 dedicaverat
932 3503 1141 3582 OsmunduS‚

196 3603 373 3687 praeclarae
390 3605 563 3667 memoriae
577 3605 768 3686 episeopus.

248 3702 358 3785 §326.
381 3703 489 3767 Sexto
506 3722 597 3765 anno
614 3710 749 3766 tantum
766 3701 833 3766 fuit
844 3702 1038 3785 pluviarum
1051 3701 1140 3764 dilu-
1155 3716 1209 3755 A-D-
1221 3716 1277 3754 ¹⁰⁰³·

195 3803 303 3878 vium,
319 3810 419 3865 tanta
440 3808 628 3884 tempestas
650 3802 822 3876 imbrium,
836 3807 1004 3883 quantum
1026 3800 1141 3863 nullus

198 3901 412 3964 meminerat.
465 3900 565 3977 Mox,
592 3899 776 3964 accedente
806 3898 941 3982 hyeme,
965 3898 1063 3963 fluvii
1092 3899 1143 3963 ita

196 4007 279 4062 sunt
304 4000 476 4080 congelati
500 4006 540 4062 ut
567 4005 683 4062 essent
713 3999 823 4080 pervii
848 3998 1083 4079 equitantibus
1109 4006 1144 4062 et

229 4203 282 4254 1Ιπ
294 4210 345 4253 totu
355 4210 528 4269 spargerentur
539 4206 657 4268 ecclesia]
720 4229 729 4258 r
740 4204 877 4293 gemm]
889 4229 922 4279 A·
931 4231 960 4279 S·
971 4232 1001 4279 ς.
1010 4231 1045 4281 D·
1060 4233 1089 4281 p·
1101 4232 1147 4292 L.;

196 4276 230 4325 A.
244 4276 277 4324 D.
289 4276 322 4325 E.
334 4275 382 4336 L.;
399 4290 444 4337 per
461 4282 538 4324 totam
556 4290 659 4338 sparge·

197 4350 283 4394 rentur
295 4346 438 4408 eeclesiam,
449 4346 478 4395 S.
493 4348 522 4395 c,
685 4305 812 4361 ⁰⁰¹¹te¹¹³⁸²
824 4301 853 4350 ⁸·
864 4301 930 4366 (W-
941 4297 1012 4364 Ῑθῦῒι)
