<?xml version="1.0" encoding="UTF-8"?>
<!DOCTYPE html PUBLIC "-//W3C//DTD XHTML 1.0 Transitional//EN"
    "http://www.w3.org/TR/xhtml1/DTD/xhtml1-transitional.dtd">
<html xmlns="http://www.w3.org/1999/xhtml" xml:lang="en" lang="en">
 <head>
  <title>
</title>
<meta http-equiv="Content-Type" content="text/html;charset=utf-8" />
  <meta name='ocr-system' content='tesseract 3.04.00' />
  <meta name='ocr-capabilities' content='ocr_page ocr_carea ocr_par ocr_line ocrx_word'/>
</head>
<body>
  <div class='ocr_page' id='page_1' title='image "./willelmimalmesb01willgoog_0230.png"; bbox 0 0 3142 5025; ppageno 0'>
   <div class='ocr_carea' id='block_1_1' title="bbox 222 543 1174 624">
    <p class='ocr_par' dir='ltr' id='par_1_1' title="bbox 222 543 1174 624">
     <span class='ocr_line' id='line_1_1' title="bbox 222 543 1174 624; baseline 0.004 -18"><span class='ocrx_word' id='word_1_1' title='bbox 222 543 373 624; x_wconf 75' lang='lat' dir='ltr'><strong>amru]</strong></span> <span class='ocrx_word' id='word_1_2' title='bbox 444 559 558 606; x_wconf 74' lang='lat' dir='ltr'><strong>casua</strong></span> <span class='ocrx_word' id='word_1_3' title='bbox 581 559 709 607; x_wconf 84' lang='lat' dir='ltr'><strong>nnouu</strong></span> <span class='ocrx_word' id='word_1_4' title='bbox 733 559 946 608; x_wconf 72' lang='lat' dir='ltr'><strong>urceorum.</strong></span> <span class='ocrx_word' id='word_1_5' title='bbox 1108 545 1174 610; x_wconf 80' lang='lat'><strong>587</strong></span> 
     </span>
    </p>
   </div>
   <div class='ocr_carea' id='block_1_2' title="bbox 223 714 1326 840">
    <p class='ocr_par' dir='ltr' id='par_1_2' title="bbox 223 714 1326 840">
     <span class='ocr_line' id='line_1_2' title="bbox 223 714 1326 840; baseline 0.005 -63"><span class='ocrx_word' id='word_1_6' title='bbox 223 721 288 790; x_wconf 91' lang='lat' dir='ltr'><strong>ret,</strong></span> <span class='ocrx_word' id='word_1_7' title='bbox 316 715 392 779; x_wconf 91' lang='lat' dir='ltr'><strong>sine</strong></span> <span class='ocrx_word' id='word_1_8' title='bbox 422 715 656 798; x_wconf 89' lang='lat' dir='ltr'><strong>irreparabilis</strong></span> <span class='ocrx_word' id='word_1_9' title='bbox 683 714 890 780; x_wconf 80' lang='lat' dir='ltr'><strong>discriminis</strong></span> <span class='ocrx_word' id='word_1_10' title='bbox 918 722 1012 779; x_wconf 91' lang='lat' dir='ltr'><strong>metu</strong></span> <span class='ocrx_word' id='word_1_11' title='bbox 1035 725 1172 797; x_wconf 80' lang='lat' dir='ltr'><strong>gentem</strong></span> <span class='ocrx_word' id='word_1_12' title='bbox 1183 740 1326 840; x_wconf 54' lang='lat' dir='ltr'><strong>pamm</strong></span> 
     </span>
    </p>
   </div>
   <div class='ocr_carea' id='block_1_3' title="bbox 140 815 1258 882">
    <p class='ocr_par' dir='ltr' id='par_1_3' title="bbox 140 815 1258 882">
     <span class='ocr_line' id='line_1_3' title="bbox 140 815 1258 882; baseline 0.006 -7"><span class='ocrx_word' id='word_1_13' title='bbox 140 832 147 850; x_wconf 79' lang='lat'><strong>·</strong></span> <span class='ocrx_word' id='word_1_14' title='bbox 221 832 320 877; x_wconf 90' lang='lat' dir='ltr'><strong>suam</strong></span> <span class='ocrx_word' id='word_1_15' title='bbox 342 815 386 878; x_wconf 95' lang='lat' dir='ltr'><strong>de</strong></span> <span class='ocrx_word' id='word_1_16' title='bbox 408 833 478 878; x_wconf 91' lang='lat' dir='ltr'><strong>uno</strong></span> <span class='ocrx_word' id='word_1_17' title='bbox 500 817 538 879; x_wconf 88' lang='lat' dir='ltr'><strong>in</strong></span> <span class='ocrx_word' id='word_1_18' title='bbox 561 815 658 879; x_wconf 91' lang='lat' dir='ltr'><strong>aliud</strong></span> <span class='ocrx_word' id='word_1_19' title='bbox 680 822 835 879; x_wconf 81' lang='lat' dir='ltr'>castrum</span> <span class='ocrx_word' id='word_1_20' title='bbox 857 835 900 878; x_wconf 90' lang='lat' dir='ltr'><strong>ne</strong></span> <span class='ocrx_word' id='word_1_21' title='bbox 920 815 1170 882; x_wconf 75' lang='lat' dir='ltr'><strong>transduceret.</strong></span> <span class='ocrx_word' id='word_1_22' title='bbox 1183 842 1258 882; x_wconf 66' lang='lat' dir='ltr'><strong>ruem.</strong></span> 
     </span>
    </p>
   </div>
   <div class='ocr_carea' id='block_1_4' title="bbox 148 913 1304 4084">
    <p class='ocr_par' dir='ltr' id='par_1_4' title="bbox 219 913 1171 1178">
     <span class='ocr_line' id='line_1_4' title="bbox 221 913 1171 997; baseline 0.005 -21"><span class='ocrx_word' id='word_1_23' title='bbox 221 913 373 977; x_wconf 89' lang='lat' dir='ltr'><strong>Evidens</strong></span> <span class='ocrx_word' id='word_1_24' title='bbox 400 933 484 996; x_wconf 80' lang='lat' dir='ltr'><strong>ergo</strong></span> <span class='ocrx_word' id='word_1_25' title='bbox 513 914 717 978; x_wconf 87' lang='lat' dir='ltr'><strong>miraculum</strong></span> <span class='ocrx_word' id='word_1_26' title='bbox 740 915 945 996; x_wconf 88' lang='lat' dir='ltr'><strong>pronuncio,</strong></span> <span class='ocrx_word' id='word_1_27' title='bbox 977 915 1069 997; x_wconf 89' lang='lat' dir='ltr'><strong>quod</strong></span> <span class='ocrx_word' id='word_1_28' title='bbox 1102 917 1171 981; x_wconf 91' lang='lat' dir='ltr'><strong>Dei</strong></span> 
     </span>
     <span class='ocr_line' id='line_1_5' title="bbox 219 1013 1171 1096; baseline 0.005 -20"><span class='ocrx_word' id='word_1_29' title='bbox 219 1014 328 1077; x_wconf 90' lang='lat' dir='ltr'><strong>solius</strong></span> <span class='ocrx_word' id='word_1_30' title='bbox 343 1020 457 1079; x_wconf 91' lang='lat' dir='ltr'><strong>tutum</strong></span> <span class='ocrx_word' id='word_1_31' title='bbox 474 1013 640 1096; x_wconf 77' lang='lat' dir='ltr'><strong>suffragio</strong></span> <span class='ocrx_word' id='word_1_32' title='bbox 651 1022 752 1079; x_wconf 92' lang='lat' dir='ltr'><strong>tauta</strong></span> <span class='ocrx_word' id='word_1_33' title='bbox 765 1015 992 1078; x_wconf 91' lang='lat' dir='ltr'><strong>barbarorum</strong></span> <span class='ocrx_word' id='word_1_34' title='bbox 1007 1014 1171 1081; x_wconf 81' lang='lat' dir='ltr'><strong>horrebat</strong></span> 
     </span>
     <span class='ocr_line' id='line_1_6' title="bbox 221 1114 328 1178; baseline 0.028 -3"><span class='ocrx_word' id='word_1_35' title='bbox 221 1114 328 1178; x_wconf 88' lang='lat' dir='ltr'><strong>natio.</strong></span> 
     </span>
    </p>

    <p class='ocr_par' dir='ltr' id='par_1_5' title="bbox 148 1211 1304 4084">
     <span class='ocr_line' id='line_1_7' title="bbox 272 1211 1304 1296; baseline -0.001 -20"><span class='ocrx_word' id='word_1_36' title='bbox 272 1211 380 1296; x_wconf 84' lang='lat'><strong>§379.</strong></span> <span class='ocrx_word' id='word_1_37' title='bbox 405 1212 473 1276; x_wconf 94' lang='lat' dir='ltr'><strong>Illo</strong></span> <span class='ocrx_word' id='word_1_38' title='bbox 500 1232 605 1290; x_wconf 90' lang='lat' dir='ltr'><strong>anno,</strong></span> <span class='ocrx_word' id='word_1_39' title='bbox 625 1211 686 1296; x_wconf 92' lang='lat' dir='ltr'><strong>qui</strong></span> <span class='ocrx_word' id='word_1_40' title='bbox 704 1212 771 1276; x_wconf 89' lang='lat' dir='ltr'><strong>fuit</strong></span> <span class='ocrx_word' id='word_1_41' title='bbox 786 1211 981 1277; x_wconf 81' lang='lat' dir='ltr'><strong>Dominicae</strong></span> <span class='ocrx_word' id='word_1_42' title='bbox 1007 1212 1169 1278; x_wconf 91' lang='lat' dir='ltr'><strong>incarna-</strong></span> <span class='ocrx_word' id='word_1_43' title='bbox 1181 1236 1235 1277; x_wconf 64' lang='lat' dir='ltr'><strong>an.</strong></span> <span class='ocrx_word' id='word_1_44' title='bbox 1247 1237 1304 1276; x_wconf 80' lang='lat' dir='ltr'><strong>nu.</strong></span> 
     </span>
     <span class='ocr_line' id='line_1_8' title="bbox 221 1302 1167 1394; baseline 0.004 -20"><span class='ocrx_word' id='word_1_45' title='bbox 221 1311 326 1375; x_wconf 91' lang='lat' dir='ltr'><strong>tionis</strong></span> <span class='ocrx_word' id='word_1_46' title='bbox 350 1312 552 1375; x_wconf 87' lang='lat' dir='ltr'><strong>millesimus</strong></span> <span class='ocrx_word' id='word_1_47' title='bbox 585 1313 793 1378; x_wconf 83' lang='lat' dir='ltr'><strong>centesimus</strong></span> <span class='ocrx_word' id='word_1_48' title='bbox 822 1302 966 1393; x_wconf 87' lang='lat' dir='ltr'><strong>primus,</strong></span> <span class='ocrx_word' id='word_1_49' title='bbox 992 1312 1084 1394; x_wconf 81' lang='lat' dir='ltr'><strong>ignis</strong></span> <span class='ocrx_word' id='word_1_50' title='bbox 1111 1333 1167 1378; x_wconf 90' lang='lat' dir='ltr'><strong>sa·</strong></span> 
     </span>
     <span class='ocr_line' id='line_1_9' title="bbox 219 1410 1166 1493; baseline 0.005 -20"><span class='ocrx_word' id='word_1_51' title='bbox 219 1418 348 1487; x_wconf 89' lang='lat' dir='ltr'><strong>cratus,</strong></span> <span class='ocrx_word' id='word_1_52' title='bbox 370 1413 431 1493; x_wconf 91' lang='lat' dir='ltr'><strong>qui</strong></span> <span class='ocrx_word' id='word_1_53' title='bbox 459 1411 600 1480; x_wconf 77' lang='lat' dir='ltr'><strong>solebat,</strong></span> <span class='ocrx_word' id='word_1_54' title='bbox 618 1412 774 1493; x_wconf 82' lang='lat' dir='ltr'><strong>vigiliam</strong></span> <span class='ocrx_word' id='word_1_55' title='bbox 803 1410 950 1477; x_wconf 82' lang='lat' dir='ltr'><strong>Paschae</strong></span> <span class='ocrx_word' id='word_1_56' title='bbox 977 1413 1166 1492; x_wconf 89' lang='lat' dir='ltr'><strong>illustrare,</strong></span> 
     </span>
     <span class='ocr_line' id='line_1_10' title="bbox 220 1510 1165 1593; baseline 0.003 -20"><span class='ocrx_word' id='word_1_57' title='bbox 220 1510 372 1574; x_wconf 89' lang='lat' dir='ltr'><strong>tardavit</strong></span> <span class='ocrx_word' id='word_1_58' title='bbox 386 1511 465 1593; x_wconf 88' lang='lat' dir='ltr'><strong>plus</strong></span> <span class='ocrx_word' id='word_1_59' title='bbox 482 1512 597 1576; x_wconf 89' lang='lat' dir='ltr'><strong>solito.</strong></span> <span class='ocrx_word' id='word_1_60' title='bbox 649 1511 803 1578; x_wconf 90' lang='lat' dir='ltr'><strong>Sabbato</strong></span> <span class='ocrx_word' id='word_1_61' title='bbox 828 1512 919 1576; x_wconf 86' lang='lat' dir='ltr'><strong>enim</strong></span> <span class='ocrx_word' id='word_1_62' title='bbox 943 1512 1042 1576; x_wconf 88' lang='lat' dir='ltr'><strong>lectis</strong></span> <span class='ocrx_word' id='word_1_63' title='bbox 1061 1512 1165 1578; x_wconf 90' lang='lat' dir='ltr'><strong>alter·</strong></span> 
     </span>
     <span class='ocr_line' id='line_1_11' title="bbox 218 1609 1165 1694; baseline 0.005 -22"><span class='ocrx_word' id='word_1_64' title='bbox 218 1611 327 1674; x_wconf 91' lang='lat' dir='ltr'><strong>natim</strong></span> <span class='ocrx_word' id='word_1_65' title='bbox 352 1609 558 1676; x_wconf 89' lang='lat' dir='ltr'><strong>lectionibus</strong></span> <span class='ocrx_word' id='word_1_66' title='bbox 584 1610 708 1676; x_wconf 86' lang='lat' dir='ltr'><strong>Graeca</strong></span> <span class='ocrx_word' id='word_1_67' title='bbox 733 1618 769 1675; x_wconf 87' lang='lat' dir='ltr'><strong>et</strong></span> <span class='ocrx_word' id='word_1_68' title='bbox 792 1610 928 1688; x_wconf 85' lang='lat' dir='ltr'><strong>Latine,</strong></span> <span class='ocrx_word' id='word_1_69' title='bbox 949 1613 1165 1694; x_wconf 91' lang='lat' dir='ltr'><strong>repetitoque</strong></span> 
     </span>
     <span class='ocr_line' id='line_1_12' title="bbox 148 1709 1164 1802; baseline 0.004 -31"><span class='ocrx_word' id='word_1_70' title='bbox 148 1771 153 1776; x_wconf 83' lang='grc'><em>,</em></span> <span class='ocrx_word' id='word_1_71' title='bbox 218 1714 272 1772; x_wconf 90' lang='lat' dir='ltr'><strong>ter</strong></span> <span class='ocrx_word' id='word_1_72' title='bbox 287 1709 420 1792; x_wconf 86' lang='lat' dir='ltr'><strong>‘Kyrie</strong></span> <span class='ocrx_word' id='word_1_73' title='bbox 434 1711 587 1788; x_wconf 86' lang='lat' dir='ltr'><strong>eleison,&#39;</strong></span> <span class='ocrx_word' id='word_1_74' title='bbox 600 1717 636 1776; x_wconf 92' lang='lat' dir='ltr'><strong>et</strong></span> <span class='ocrx_word' id='word_1_75' title='bbox 644 1711 739 1775; x_wconf 92' lang='lat' dir='ltr'><strong>clara</strong></span> <span class='ocrx_word' id='word_1_76' title='bbox 751 1711 917 1802; x_wconf 87' lang='lat' dir='ltr'><strong>Syrorum</strong></span> <span class='ocrx_word' id='word_1_77' title='bbox 929 1711 1078 1776; x_wconf 92' lang='lat' dir='ltr'><strong>melodia</strong></span> <span class='ocrx_word' id='word_1_78' title='bbox 1086 1732 1164 1794; x_wconf 88' lang='lat' dir='ltr'><strong>per-</strong></span> 
     </span>
     <span class='ocr_line' id='line_1_13' title="bbox 217 1810 1164 1894; baseline 0.005 -24"><span class='ocrx_word' id='word_1_79' title='bbox 217 1816 405 1892; x_wconf 85' lang='lat' dir='ltr'><strong>strepente,</strong></span> <span class='ocrx_word' id='word_1_80' title='bbox 428 1830 507 1874; x_wconf 93' lang='lat' dir='ltr'><strong>cum</strong></span> <span class='ocrx_word' id='word_1_81' title='bbox 528 1810 674 1876; x_wconf 85' lang='lat' dir='ltr'><strong>necdum</strong></span> <span class='ocrx_word' id='word_1_82' title='bbox 696 1817 881 1893; x_wconf 87' lang='lat' dir='ltr'><strong>appareret</strong></span> <span class='ocrx_word' id='word_1_83' title='bbox 904 1811 1009 1891; x_wconf 76' lang='lat' dir='ltr'><strong>igniS,</strong></span> <span class='ocrx_word' id='word_1_84' title='bbox 1033 1818 1069 1875; x_wconf 88' lang='lat' dir='ltr'><strong>et</strong></span> <span class='ocrx_word' id='word_1_85' title='bbox 1088 1811 1164 1894; x_wconf 90' lang='lat' dir='ltr'><strong>jam</strong></span> 
     </span>
     <span class='ocr_line' id='line_1_14' title="bbox 216 1908 1164 1993; baseline 0.003 -21"><span class='ocrx_word' id='word_1_86' title='bbox 216 1908 379 1972; x_wconf 90' lang='lat' dir='ltr'><strong>occiduus</strong></span> <span class='ocrx_word' id='word_1_87' title='bbox 396 1910 450 1974; x_wconf 89' lang='lat' dir='ltr'><strong>sol</strong></span> <span class='ocrx_word' id='word_1_88' title='bbox 460 1929 641 1993; x_wconf 90' lang='lat' dir='ltr'><strong>vesperam</strong></span> <span class='ocrx_word' id='word_1_89' title='bbox 656 1916 808 1992; x_wconf 87' lang='lat' dir='ltr'><strong>urgeret,</strong></span> <span class='ocrx_word' id='word_1_90' title='bbox 823 1916 959 1973; x_wconf 90' lang='lat' dir='ltr'><strong>noctem</strong></span> <span class='ocrx_word' id='word_1_91' title='bbox 974 1909 1164 1990; x_wconf 86' lang='lat' dir='ltr'><strong>inveheret,</strong></span> 
     </span>
     <span class='ocr_line' id='line_1_15' title="bbox 217 2008 1162 2085; baseline 0.005 -15"><span class='ocrx_word' id='word_1_92' title='bbox 217 2009 266 2085; x_wconf 92' lang='lat' dir='ltr'><strong>ab</strong></span> <span class='ocrx_word' id='word_1_93' title='bbox 288 2010 447 2073; x_wconf 91' lang='lat' dir='ltr'><strong>omnibus</strong></span> <span class='ocrx_word' id='word_1_94' title='bbox 474 2030 553 2074; x_wconf 91' lang='lat' dir='ltr'><strong>oum</strong></span> <span class='ocrx_word' id='word_1_95' title='bbox 584 2030 730 2074; x_wconf 88' lang='lat' dir='ltr'><strong>moerore</strong></span> <span class='ocrx_word' id='word_1_96' title='bbox 755 2010 792 2072; x_wconf 92' lang='lat' dir='ltr'><strong>in</strong></span> <span class='ocrx_word' id='word_1_97' title='bbox 818 2009 939 2074; x_wconf 90' lang='lat' dir='ltr'><strong>domos</strong></span> <span class='ocrx_word' id='word_1_98' title='bbox 963 2008 1162 2075; x_wconf 89' lang='lat' dir='ltr'><strong>discessum.</strong></span> 
     </span>
     <span class='ocr_line' id='line_1_16' title="bbox 217 2107 1164 2192; baseline 0.006 -22"><span class='ocrx_word' id='word_1_99' title='bbox 217 2107 404 2172; x_wconf 89' lang='lat' dir='ltr'><strong>Placuerat</strong></span> <span class='ocrx_word' id='word_1_100' title='bbox 430 2111 522 2174; x_wconf 90' lang='lat' dir='ltr'><strong>euim</strong></span> <span class='ocrx_word' id='word_1_101' title='bbox 546 2129 718 2192; x_wconf 89' lang='lat' dir='ltr'><strong>perpenso</strong></span> <span class='ocrx_word' id='word_1_102' title='bbox 740 2109 885 2173; x_wconf 92' lang='lat' dir='ltr'><strong>consilio</strong></span> <span class='ocrx_word' id='word_1_103' title='bbox 913 2116 953 2172; x_wconf 91' lang='lat' dir='ltr'><strong>ut</strong></span> <span class='ocrx_word' id='word_1_104' title='bbox 977 2109 1038 2173; x_wconf 89' lang='lat' dir='ltr'><strong>illa</strong></span> <span class='ocrx_word' id='word_1_105' title='bbox 1061 2117 1164 2176; x_wconf 85' lang='lat' dir='ltr'><strong>nocte</strong></span> 
     </span>
     <span class='ocr_line' id='line_1_17' title="bbox 215 2208 1163 2290; baseline 0.004 -20"><span class='ocrx_word' id='word_1_106' title='bbox 215 2209 309 2272; x_wconf 92' lang='lat' dir='ltr'><strong>omui</strong></span> <span class='ocrx_word' id='word_1_107' title='bbox 336 2208 474 2272; x_wconf 92' lang='lat' dir='ltr'><strong>homine</strong></span> <span class='ocrx_word' id='word_1_108' title='bbox 491 2217 632 2274; x_wconf 89' lang='lat' dir='ltr'><strong>vacaret</strong></span> <span class='ocrx_word' id='word_1_109' title='bbox 657 2209 770 2272; x_wconf 88' lang='lat' dir='ltr'><strong>sancti</strong></span> <span class='ocrx_word' id='word_1_110' title='bbox 795 2208 977 2290; x_wconf 88' lang='lat' dir='ltr'><strong>Sepulchri</strong></span> <span class='ocrx_word' id='word_1_111' title='bbox 1004 2209 1163 2288; x_wconf 88' lang='lat' dir='ltr'><strong>ecclesia,</strong></span> 
     </span>
     <span class='ocr_line' id='line_1_18' title="bbox 215 2307 1162 2391; baseline 0.003 -22"><span class='ocrx_word' id='word_1_112' title='bbox 215 2327 259 2370; x_wconf 90' lang='lat' dir='ltr'><strong>ne</strong></span> <span class='ocrx_word' id='word_1_113' title='bbox 286 2307 427 2391; x_wconf 90' lang='lat' dir='ltr'><strong>aliquis,</strong></span> <span class='ocrx_word' id='word_1_114' title='bbox 454 2309 512 2371; x_wconf 89' lang='lat' dir='ltr'><strong>cui</strong></span> <span class='ocrx_word' id='word_1_115' title='bbox 543 2309 701 2372; x_wconf 89' lang='lat' dir='ltr'><strong>ulcerosa</strong></span> <span class='ocrx_word' id='word_1_116' title='bbox 727 2307 911 2390; x_wconf 88' lang='lat' dir='ltr'><strong>squalebat</strong></span> <span class='ocrx_word' id='word_1_117' title='bbox 939 2309 1162 2386; x_wconf 88' lang='lat' dir='ltr'><strong>conscientia,</strong></span> 
     </span>
     <span class='ocr_line' id='line_1_19' title="bbox 216 2406 1163 2489; baseline 0.002 -20"><span class='ocrx_word' id='word_1_118' title='bbox 216 2407 330 2470; x_wconf 90' lang='lat' dir='ltr'><strong>Deum</strong></span> <span class='ocrx_word' id='word_1_119' title='bbox 340 2409 453 2488; x_wconf 79' lang='lat' dir='ltr'><strong>magis</strong></span> <span class='ocrx_word' id='word_1_120' title='bbox 466 2409 619 2473; x_wconf 90' lang='lat' dir='ltr'><strong>irritaret</strong></span> <span class='ocrx_word' id='word_1_121' title='bbox 628 2407 808 2489; x_wconf 84' lang='lat' dir='ltr'><strong>ingerendi</strong></span> <span class='ocrx_word' id='word_1_122' title='bbox 816 2406 1040 2489; x_wconf 90' lang='lat' dir='ltr'><strong>impudentia.</strong></span> <span class='ocrx_word' id='word_1_123' title='bbox 1064 2406 1087 2470; x_wconf 86' lang='lat' dir='ltr'>J</span> <span class='ocrx_word' id='word_1_124' title='bbox 1090 2426 1163 2471; x_wconf 91' lang='lat' dir='ltr'><strong>am-</strong></span> 
     </span>
     <span class='ocr_line' id='line_1_20' title="bbox 215 2507 1163 2589; baseline 0.002 -18"><span class='ocrx_word' id='word_1_125' title='bbox 215 2527 283 2589; x_wconf 93' lang='lat' dir='ltr'><strong>que</strong></span> <span class='ocrx_word' id='word_1_126' title='bbox 295 2507 449 2573; x_wconf 93' lang='lat' dir='ltr'><strong>dilucnlo</strong></span> <span class='ocrx_word' id='word_1_127' title='bbox 471 2509 599 2573; x_wconf 87' lang='lat' dir='ltr'><strong>sensim</strong></span> <span class='ocrx_word' id='word_1_128' title='bbox 613 2509 650 2571; x_wconf 91' lang='lat' dir='ltr'><strong>in</strong></span> <span class='ocrx_word' id='word_1_129' title='bbox 664 2508 776 2573; x_wconf 90' lang='lat' dir='ltr'><strong>lucem</strong></span> <span class='ocrx_word' id='word_1_130' title='bbox 802 2514 973 2589; x_wconf 87' lang='lat' dir='ltr'><strong>serpente,</strong></span> <span class='ocrx_word' id='word_1_131' title='bbox 988 2508 1163 2589; x_wconf 91' lang='lat' dir='ltr'><strong>processio</strong></span> 
     </span>
     <span class='ocr_line' id='line_1_21' title="bbox 217 2606 1164 2691; baseline 0.004 -21"><span class='ocrx_word' id='word_1_132' title='bbox 217 2606 421 2671; x_wconf 85' lang='lat' dir='ltr'><strong>Latinorum</strong></span> <span class='ocrx_word' id='word_1_133' title='bbox 443 2608 487 2671; x_wconf 94' lang='lat' dir='ltr'><strong>ad</strong></span> <span class='ocrx_word' id='word_1_134' title='bbox 511 2608 678 2691; x_wconf 90' lang='lat' dir='ltr'><strong>templum</strong></span> <span class='ocrx_word' id='word_1_135' title='bbox 708 2607 904 2673; x_wconf 87' lang='lat' dir='ltr'><strong>Salomonis</strong></span> <span class='ocrx_word' id='word_1_136' title='bbox 934 2607 1091 2684; x_wconf 87' lang='lat' dir='ltr'><strong>edicitur,</strong></span> <span class='ocrx_word' id='word_1_137' title='bbox 1123 2615 1164 2674; x_wconf 91' lang='lat' dir='ltr'><strong>ut</strong></span> 
     </span>
     <span class='ocr_line' id='line_1_22' title="bbox 215 2707 1162 2772; baseline 0.002 -3"><span class='ocrx_word' id='word_1_138' title='bbox 215 2707 263 2769; x_wconf 92' lang='lat' dir='ltr'><strong>ibi</strong></span> <span class='ocrx_word' id='word_1_139' title='bbox 289 2708 422 2772; x_wconf 89' lang='lat' dir='ltr'><strong>oraturi</strong></span> <span class='ocrx_word' id='word_1_140' title='bbox 448 2708 517 2771; x_wconf 91' lang='lat' dir='ltr'><strong>Dei</strong></span> <span class='ocrx_word' id='word_1_141' title='bbox 543 2708 811 2772; x_wconf 91' lang='lat' dir='ltr'><strong>misericordiam</strong></span> <span class='ocrx_word' id='word_1_142' title='bbox 832 2708 1039 2772; x_wconf 90' lang='lat' dir='ltr'><strong>invitarent:</strong></span> <span class='ocrx_word' id='word_1_143' title='bbox 1071 2707 1162 2771; x_wconf 90' lang='lat' dir='ltr'><strong>idem</strong></span> 
     </span>
     <span class='ocr_line' id='line_1_23' title="bbox 214 2805 1161 2889; baseline 0.001 -19"><span class='ocrx_word' id='word_1_144' title='bbox 214 2805 307 2870; x_wconf 91' lang='lat' dir='ltr'><strong>circa</strong></span> <span class='ocrx_word' id='word_1_145' title='bbox 327 2807 546 2889; x_wconf 86' lang='lat' dir='ltr'><strong>sepulchrum</strong></span> <span class='ocrx_word' id='word_1_146' title='bbox 570 2808 711 2872; x_wconf 91' lang='lat' dir='ltr'><strong>Domini</strong></span> <span class='ocrx_word' id='word_1_147' title='bbox 731 2808 905 2872; x_wconf 88' lang='lat' dir='ltr'><strong>faciebant</strong></span> <span class='ocrx_word' id='word_1_148' title='bbox 930 2808 1021 2889; x_wconf 89' lang='lat' dir='ltr'><strong>Syri,</strong></span> <span class='ocrx_word' id='word_1_149' title='bbox 1042 2808 1077 2869; x_wconf 94' lang='lat' dir='ltr'><strong>vi</strong></span> <span class='ocrx_word' id='word_1_150' title='bbox 1100 2807 1161 2871; x_wconf 91' lang='lat' dir='ltr'><strong>do-</strong></span> 
     </span>
     <span class='ocr_line' id='line_1_24' title="bbox 215 2906 1162 2990; baseline 0.002 -22"><span class='ocrx_word' id='word_1_151' title='bbox 215 2906 298 2969; x_wconf 91' lang='lat' dir='ltr'><strong>loris</strong></span> <span class='ocrx_word' id='word_1_152' title='bbox 310 2908 437 2970; x_wconf 90' lang='lat' dir='ltr'><strong>barbas</strong></span> <span class='ocrx_word' id='word_1_153' title='bbox 451 2914 487 2970; x_wconf 89' lang='lat' dir='ltr'><strong>et</strong></span> <span class='ocrx_word' id='word_1_154' title='bbox 500 2908 645 2990; x_wconf 89' lang='lat' dir='ltr'><strong>capillos</strong></span> <span class='ocrx_word' id='word_1_155' title='bbox 660 2907 873 2971; x_wconf 87' lang='lat' dir='ltr'><strong>vellicantes.</strong></span> <span class='ocrx_word' id='word_1_156' title='bbox 927 2906 1003 2970; x_wconf 91' lang='lat' dir='ltr'><strong>Nec</strong></span> <span class='ocrx_word' id='word_1_157' title='bbox 1017 2906 1076 2968; x_wconf 90' lang='lat' dir='ltr'><strong>diu</strong></span> <span class='ocrx_word' id='word_1_158' title='bbox 1099 2926 1162 2988; x_wconf 95' lang='lat' dir='ltr'><strong>po-</strong></span> 
     </span>
     <span class='ocr_line' id='line_1_25' title="bbox 216 3006 1161 3089; baseline 0 -20"><span class='ocrx_word' id='word_1_159' title='bbox 216 3012 313 3069; x_wconf 89' lang='lat' dir='ltr'><strong>tuere</strong></span> <span class='ocrx_word' id='word_1_160' title='bbox 332 3008 407 3089; x_wconf 91' lang='lat' dir='ltr'><strong>pati</strong></span> <span class='ocrx_word' id='word_1_161' title='bbox 420 3006 539 3070; x_wconf 91' lang='lat' dir='ltr'><strong>divina</strong></span> <span class='ocrx_word' id='word_1_162' title='bbox 555 3008 699 3084; x_wconf 89' lang='lat' dir='ltr'><strong>viscera,</strong></span> <span class='ocrx_word' id='word_1_163' title='bbox 713 3007 892 3071; x_wconf 80' lang='lat' dir='ltr'><strong>confestim</strong></span> <span class='ocrx_word' id='word_1_164' title='bbox 908 3007 989 3087; x_wconf 80' lang='lat' dir='ltr'><strong>igne</strong></span> <span class='ocrx_word' id='word_1_165' title='bbox 1004 3006 1041 3068; x_wconf 92' lang='lat' dir='ltr'><strong>in</strong></span> <span class='ocrx_word' id='word_1_166' title='bbox 1057 3025 1161 3069; x_wconf 92' lang='lat' dir='ltr'><strong>uuam</strong></span> 
     </span>
     <span class='ocr_line' id='line_1_26' title="bbox 214 3106 1161 3188; baseline 0.001 -20"><span class='ocrx_word' id='word_1_167' title='bbox 214 3106 408 3188; x_wconf 90' lang='lat' dir='ltr'><strong>lampadem</strong></span> <span class='ocrx_word' id='word_1_168' title='bbox 425 3107 597 3188; x_wconf 89' lang='lat' dir='ltr'><strong>sepulchri</strong></span> <span class='ocrx_word' id='word_1_169' title='bbox 619 3108 784 3171; x_wconf 89' lang='lat' dir='ltr'><strong>immisso.</strong></span> <span class='ocrx_word' id='word_1_170' title='bbox 830 3106 944 3185; x_wconf 87' lang='lat' dir='ltr'><strong>Quem</strong></span> <span class='ocrx_word' id='word_1_171' title='bbox 959 3125 1037 3169; x_wconf 91' lang='lat' dir='ltr'><strong>cum</strong></span> <span class='ocrx_word' id='word_1_172' title='bbox 1051 3106 1161 3169; x_wconf 81' lang='lat' dir='ltr'><strong>anini-</strong></span> 
     </span>
     <span class='ocr_line' id='line_1_27' title="bbox 214 3204 1162 3288; baseline 0 -20"><span class='ocrx_word' id='word_1_173' title='bbox 214 3206 422 3269; x_wconf 85' lang='lat' dir='ltr'><strong>advertisset</strong></span> <span class='ocrx_word' id='word_1_174' title='bbox 457 3204 566 3288; x_wconf 85' lang='lat' dir='ltr'><strong>Syrus</strong></span> <span class='ocrx_word' id='word_1_175' title='bbox 601 3227 664 3288; x_wconf 89' lang='lat' dir='ltr'><strong>per</strong></span> <span class='ocrx_word' id='word_1_176' title='bbox 700 3207 869 3271; x_wconf 88' lang='lat' dir='ltr'><strong>fanestras</strong></span> <span class='ocrx_word' id='word_1_177' title='bbox 902 3204 1162 3281; x_wconf 87' lang='lat' dir='ltr'><strong>scintillantem,</strong></span> 
     </span>
     <span class='ocr_line' id='line_1_28' title="bbox 213 3305 1161 3388; baseline -0.001 -20"><span class='ocrx_word' id='word_1_178' title='bbox 213 3307 338 3386; x_wconf 89' lang='lat' dir='ltr'><strong>plausu</strong></span> <span class='ocrx_word' id='word_1_179' title='bbox 368 3324 533 3368; x_wconf 89' lang='lat' dir='ltr'><strong>manuum</strong></span> <span class='ocrx_word' id='word_1_180' title='bbox 562 3306 721 3370; x_wconf 87' lang='lat' dir='ltr'><strong>laetitiam</strong></span> <span class='ocrx_word' id='word_1_181' title='bbox 745 3305 913 3388; x_wconf 87' lang='lat' dir='ltr'><strong>prodens,</strong></span> <span class='ocrx_word' id='word_1_182' title='bbox 933 3323 1071 3368; x_wconf 89' lang='lat' dir='ltr'><strong>cursum</strong></span> <span class='ocrx_word' id='word_1_183' title='bbox 1097 3324 1161 3385; x_wconf 90' lang='lat' dir='ltr'><strong>pa-</strong></span> 
     </span>
     <span class='ocr_line' id='line_1_29' title="bbox 213 3405 1161 3486; baseline -0.002 -18"><span class='ocrx_word' id='word_1_184' title='bbox 213 3405 373 3469; x_wconf 86' lang='lat' dir='ltr'><strong>triarchae</strong></span> <span class='ocrx_word' id='word_1_185' title='bbox 396 3406 614 3469; x_wconf 90' lang='lat' dir='ltr'><strong>acceleravit.</strong></span> <span class='ocrx_word' id='word_1_186' title='bbox 668 3405 746 3481; x_wconf 93' lang='lat' dir='ltr'><strong>Ille,</strong></span> <span class='ocrx_word' id='word_1_187' title='bbox 761 3405 917 3468; x_wconf 88' lang='lat' dir='ltr'><strong>clavibus</strong></span> <span class='ocrx_word' id='word_1_188' title='bbox 933 3423 1021 3486; x_wconf 86' lang='lat' dir='ltr'><strong>quas</strong></span> <span class='ocrx_word' id='word_1_189' title='bbox 1043 3409 1161 3485; x_wconf 81' lang='lat' dir='ltr'><strong>gesta-</strong></span> 
     </span>
     <span class='ocr_line' id='line_1_30' title="bbox 212 3496 1160 3587; baseline -0.002 -20"><span class='ocrx_word' id='word_1_190' title='bbox 212 3506 275 3568; x_wconf 91' lang='lat' dir='ltr'><strong>bat</strong></span> <span class='ocrx_word' id='word_1_191' title='bbox 290 3503 433 3587; x_wconf 91' lang='lat' dir='ltr'><strong>adytum</strong></span> <span class='ocrx_word' id='word_1_192' title='bbox 455 3505 612 3568; x_wconf 85' lang='lat' dir='ltr'><strong>aediculae</strong></span> <span class='ocrx_word' id='word_1_193' title='bbox 634 3504 862 3587; x_wconf 89' lang='lat' dir='ltr'><strong>sepulchralis</strong></span> <span class='ocrx_word' id='word_1_194' title='bbox 886 3504 1056 3585; x_wconf 75' lang='lat' dir='ltr'><strong>aperienS,</strong></span> <span class='ocrx_word' id='word_1_195' title='bbox 1073 3496 1160 3567; x_wconf 92' lang='lat' dir='ltr'><strong>¹coe·</strong></span> 
     </span>
     <span class='ocr_line' id='line_1_31' title="bbox 212 3602 1160 3680; baseline -0.003 -13"><span class='ocrx_word' id='word_1_196' title='bbox 212 3604 300 3668; x_wconf 90' lang='lat' dir='ltr'><strong>leste</strong></span> <span class='ocrx_word' id='word_1_197' title='bbox 324 3624 451 3668; x_wconf 93' lang='lat' dir='ltr'><strong>munus</strong></span> <span class='ocrx_word' id='word_1_198' title='bbox 472 3624 571 3669; x_wconf 89' lang='lat' dir='ltr'><strong>cereo</strong></span> <span class='ocrx_word' id='word_1_199' title='bbox 594 3624 740 3668; x_wconf 91' lang='lat' dir='ltr'><strong>accenso</strong></span> <span class='ocrx_word' id='word_1_200' title='bbox 768 3605 908 3680; x_wconf 86' lang='lat' dir='ltr'><strong>extulit,</strong></span> <span class='ocrx_word' id='word_1_201' title='bbox 930 3602 1089 3667; x_wconf 89' lang='lat' dir='ltr'><strong>omnibus</strong></span> <span class='ocrx_word' id='word_1_202' title='bbox 1116 3602 1160 3664; x_wconf 93' lang='lat' dir='ltr'><strong>ad</strong></span> 
     </span>
     <span class='ocr_line' id='line_1_32' title="bbox 212 3702 1162 3783; baseline -0.005 -16"><span class='ocrx_word' id='word_1_203' title='bbox 212 3703 279 3768; x_wconf 93' lang='lat' dir='ltr'><strong>hoc</strong></span> <span class='ocrx_word' id='word_1_204' title='bbox 293 3706 576 3768; x_wconf 88' lang='lat' dir='ltr'><strong>concurrentibus</strong></span> <span class='ocrx_word' id='word_1_205' title='bbox 591 3703 860 3767; x_wconf 90' lang='lat' dir='ltr'><strong>communicans.</strong></span> <span class='ocrx_word' id='word_1_206' title='bbox 908 3702 996 3766; x_wconf 87' lang='lat' dir='ltr'><strong>Mox</strong></span> <span class='ocrx_word' id='word_1_207' title='bbox 1011 3720 1073 3783; x_wconf 94' lang='lat' dir='ltr'><strong>per</strong></span> <span class='ocrx_word' id='word_1_208' title='bbox 1088 3721 1162 3764; x_wconf 91' lang='lat' dir='ltr'><strong>om-</strong></span> 
     </span>
     <span class='ocr_line' id='line_1_33' title="bbox 211 3803 1161 3868; baseline -0.004 -1"><span class='ocrx_word' id='word_1_209' title='bbox 211 3823 291 3867; x_wconf 88' lang='lat' dir='ltr'><strong>nem</strong></span> <span class='ocrx_word' id='word_1_210' title='bbox 316 3803 497 3867; x_wconf 91' lang='lat' dir='ltr'><strong>eoclesiam</strong></span> <span class='ocrx_word' id='word_1_211' title='bbox 530 3811 666 3868; x_wconf 86' lang='lat' dir='ltr'><strong>caeterae</strong></span> <span class='ocrx_word' id='word_1_212' title='bbox 696 3803 863 3867; x_wconf 90' lang='lat' dir='ltr'><strong>divinitus</strong></span> <span class='ocrx_word' id='word_1_213' title='bbox 890 3819 1045 3865; x_wconf 89' lang='lat' dir='ltr'><strong>accensae</strong></span> <span class='ocrx_word' id='word_1_214' title='bbox 1078 3807 1161 3863; x_wconf 89' lang='lat' dir='ltr'><strong>sunt</strong></span> 
     </span>
     <span class='ocr_line' id='line_1_34' title="bbox 210 3892 1159 3985; baseline -0.003 -20"><span class='ocrx_word' id='word_1_215' title='bbox 210 3903 409 3985; x_wconf 89' lang='lat' dir='ltr'><strong>lampades;</strong></span> <span class='ocrx_word' id='word_1_216' title='bbox 426 3903 551 3966; x_wconf 89' lang='lat' dir='ltr'><strong>mirum</strong></span> <span class='ocrx_word' id='word_1_217' title='bbox 561 3904 597 3966; x_wconf 93' lang='lat' dir='ltr'><strong>in</strong></span> <span class='ocrx_word' id='word_1_218' title='bbox 607 3902 745 3967; x_wconf 91' lang='lat' dir='ltr'><strong>modum</strong></span> <span class='ocrx_word' id='word_1_219' title='bbox 754 3902 828 3981; x_wconf 92' lang='lat' dir='ltr'><strong>illa,</strong></span> <span class='ocrx_word' id='word_1_220' title='bbox 843 3922 922 3985; x_wconf 90' lang='lat' dir='ltr'><strong>quae</strong></span> <span class='ocrx_word' id='word_1_221' title='bbox 933 3892 1159 3983; x_wconf 87' lang='lat' dir='ltr'><strong>proxime²il-</strong></span> 
     </span>
     <span class='ocr_line' id='line_1_35' title="bbox 210 4001 1159 4084; baseline -0.003 -20"><span class='ocrx_word' id='word_1_222' title='bbox 210 4001 414 4065; x_wconf 88' lang='lat' dir='ltr'><strong>luminanda</strong></span> <span class='ocrx_word' id='word_1_223' title='bbox 436 4010 539 4081; x_wconf 91' lang='lat' dir='ltr'><strong>esset,</strong></span> <span class='ocrx_word' id='word_1_224' title='bbox 551 4002 646 4066; x_wconf 88' lang='lat' dir='ltr'><strong>fumo</strong></span> <span class='ocrx_word' id='word_1_225' title='bbox 668 4002 848 4084; x_wconf 90' lang='lat' dir='ltr'><strong>praemisso</strong></span> <span class='ocrx_word' id='word_1_226' title='bbox 863 4002 1012 4066; x_wconf 90' lang='lat' dir='ltr'><strong>vicinam</strong></span> <span class='ocrx_word' id='word_1_227' title='bbox 1038 4018 1159 4062; x_wconf 91' lang='lat' dir='ltr'><strong>accen-</strong></span> 
     </span>
    </p>
   </div>
   <div class='ocr_carea' id='block_1_5' title="bbox 209 4220 1161 4367">
    <p class='ocr_par' dir='ltr' id='par_1_6' title="bbox 208 4220 1161 4422">
     <span class='ocr_line' id='line_1_36' title="bbox 245 4220 847 4258; baseline 0.028 -17"><span class='ocrx_word' id='word_1_228' title='bbox 245 4220 255 4251; x_wconf 45' lang='lat'><strong>.</strong></span> <span class='ocrx_word' id='word_1_229' title='bbox 841 4246 847 4258; x_wconf 84' lang='lat'><strong>.</strong></span> 
     </span>
     <span class='ocr_line' id='line_1_37' title="bbox 209 4241 1161 4367; baseline 0.022 -20.978"><span class='ocrx_word' id='word_1_230' title='bbox 209 4292 674 4355; x_wconf 65' lang='lat'><strong>...1</strong></span> <span class='ocrx_word' id='word_1_231' title='bbox 698 4241 1054 4377; x_wconf 50' lang='lat' dir='ltr'><strong>ewa·</strong></span> <span class='ocrx_word' id='word_1_232' title='bbox 1077 4246 1106 4298; x_wconf 75' lang='lat'><strong>⁰·</strong></span> <span class='ocrx_word' id='word_1_233' title='bbox 1126 4244 1161 4293; x_wconf 76' lang='lat'><strong>⁰·</strong></span> 
     </span>
    </p>
   </div>
   <div class='ocr_carea' id='block_1_6' title="bbox 0 0 1576 5025">
    <p class='ocr_par' dir='ltr' id='par_1_7' title="bbox 0 0 1576 5025">
     <span class='ocr_line' id='line_1_38' title="bbox 0 0 1576 5025; baseline 0 4"><span class='ocrx_word' id='word_1_234' title='bbox 0 0 1576 5025; x_wconf 95' lang='lat' dir='ltr'><strong> </strong></span> 
     </span>
    </p>
   </div>
  </div>
 </body>
</html>
