3142 5025
424 510 492 577 676
646 526 760 574 unsri
783 524 910 573 aucun
933 524 1147 573 lucrosum
1236 510 1323 593 [ms.
1342 525 1377 575 u.

427 680 521 765 quod
546 700 735 764 nunquam,
752 689 937 764 postquam
955 680 1194 745 monachicum
1219 672 1376 748 habitum

428 781 631 865 accepisset,
654 800 676 845 a
700 781 926 864 completorio
948 782 1069 845 exiens
1103 801 1214 864 usque
1246 782 1291 846 ad
1321 802 1376 846 se·

429 882 568 964 quentis
599 881 667 944 diei
691 880 838 963 primam
869 881 1007 945 locutus
1037 881 1171 945 fuisset.
1223 881 1376 946 Sabbata

430 988 548 1044 autem
574 986 739 1062 sequente
767 979 849 1043 dum
879 981 930 1043 ita
953 968 1141 1063 quassatus
1172 1000 1211 1043 se
1236 988 1376 1063 putaret

427 1079 502 1164 jam
524 1080 667 1164 Jamque
698 1079 853 1162 defungi,
883 1086 1066 1161 surgentes
1094 1079 1139 1143 ad
1169 1081 1374 1143 matutinam

432 1180 593 1263 synaxim
618 1179 743 1243 iratres
765 1178 810 1241 ad
832 1197 871 1241 se
892 1177 1128 1260 inungendum
1145 1180 1265 1243 venire
1286 1199 1374 1261 prae-

431 1280 524 1362 oepit
536 1299 546 1359 3
571 1297 751 1360 quoscum
766 1278 931 1341 inunctus
946 1297 993 1342 ex
1006 1297 1100 1342 more
1116 1278 1265 1342 osculari
1278 1278 1376 1343 volu·

431 1378 528 1454 isset,
555 1377 661 1442 nimio
693 1397 811 1441 eorum
842 1377 1040 1460 compulsus
1071 1396 1199 1454 amore,
1226 1398 1297 1442 non
1318 1376 1375 1461 ja·

432 1477 553 1553 cando,
583 1496 646 1540 nec
675 1476 839 1552 sedendo,
868 1478 941 1554 sed,
974 1477 1133 1559 quamvis
1159 1476 1203 1539 ad
1233 1485 1377 1542 mortem

432 1577 609 1653 anxiatus,
624 1576 713 1639 inter
726 1574 869 1639 brachia
890 1582 1105 1640 sustentatus
1129 1575 1254 1640 stando
1276 1595 1376 1640 oscu-

431 1676 526 1741 latus
543 1682 607 1740 est.
658 1674 726 1739 Die
744 1674 966 1738 illucescente
981 1674 1018 1738 in
1036 1675 1225 1757 capitulum
1240 1676 1376 1751 ductus,

433 1793 512 1838 cum
537 1772 696 1852 sedisset,
726 1773 852 1837 tratres
874 1781 956 1838 ante
977 1793 1015 1837 se
1039 1794 1158 1839 omnes
1180 1775 1299 1838 venire
1325 1794 1378 1839 ro-

434 1874 554 1955 gavit3
580 1873 705 1955 quibus
723 1879 903 1955 paternam
924 1873 1197 1939 benedictionem
1221 1882 1257 1938 et
1277 1874 1379 1937 abso·

433 1973 600 2037 lutionem
621 1973 832 2055 impertiens,
854 1972 945 2053 idem
971 1973 1038 2037 sibi
1061 1973 1106 2037 ab
1127 1973 1170 2037 iis
1184 1974 1298 2038 voluit
1316 1974 1380 2037 im-

434 2072 565 2156 pertiri.
618 2072 748 2137 Postea
769 2071 887 2137 docuit
902 2072 997 2154 quid,
1021 2072 1051 2137 si
1074 2073 1196 2150 obiret,
1215 2074 1265 2136 eis
1287 2080 1380 2137 esset

434 2171 619 2255 agendum.
671 2171 798 2254 Sicque
823 2190 1001 2253 regressus
1030 2179 1084 2236 est
1110 2173 1203 2237 unde
1224 2179 1379 2249 venerat,

436 2272 605 2354 reliquum
631 2271 699 2335 diei
720 2291 797 2335 curn
820 2272 978 2355 sequenti
994 2271 1177 2337 Dominica
1201 2272 1380 2354 aliquanto

435 2372 586 2454 quietius
601 2372 816 2453 transigens:
841 2390 918 2434 oum
944 2390 1023 2435 ecoe
1043 2379 1124 2453 post
1145 2371 1232 2447 haec,
1257 2371 1380 2447 idest,

435 2479 516 2556 post
540 2471 770 2548 Dominicam,
793 2469 1003 2535 imminentis
1030 2471 1151 2536 mortis
1173 2471 1300 2536 indicia
1321 2471 1380 2535 de·

434 2571 716 2655 prehenduntur3
752 2578 789 2634 et
819 2571 895 2653 ipse
926 2571 1086 2635 manibus
1119 2571 1260 2647 ablutis,
1292 2591 1382 2654 pexo

434 2671 562 2753 capite,
591 2671 732 2734 missam
755 2670 938 2733 auditurus
964 2671 1152 2735 oratorium
1178 2670 1382 2752 ingreditur,

435 2777 643 2853 sumptoque
667 2788 812 2852 corpore
837 2776 873 2833 ct
895 2771 1065 2851 sanguine
1082 2770 1222 2834 Domini
1248 2770 1292 2832 ad
1312 2771 1382 2834 lec·

436 2878 511 2935 tum
541 2888 719 2950 regressus
746 2876 811 2932 est.
873 2868 961 2933 Post
988 2869 1159 2934 modicum
1189 2870 1381 2934 obmutuit:

435 2969 561 3032 sratres
572 2975 654 3031 ante
664 2968 763 3031 illum
771 2967 950 3032 venientes
960 2967 1139 3051 sigillatim
1148 2969 1383 3045 benedicebat,

437 3067 541 3132 simili
554 3065 655 3130 modo
669 3073 781 3130 totum
796 3074 1025 3147 conventum3
1054 3075 1092 3133 at
1108 3089 1203 3146 vero,
1222 3068 1332 3133 oculis
1348 3069 1384 3132 in

437 3166 564 3232 coelum
583 3166 719 3243 erectis,
742 3173 890 3248 utraque
904 3186 1011 3230 manu
1029 3167 1202 3231 dominum
1226 3169 1385 3232 abbatem

438 3286 517 3330 cum
530 3266 688 3329 omnibus
704 3265 770 3329 sibi
784 3267 975 3330 commissis
987 3267 1188 3331 benedicere
1198 3267 1385 3332 nitebatur.

441 3365 602 3447 Rogatus
626 3372 742 3429 autem
768 3385 791 3429 a
813 3365 979 3430 fratribus
1001 3378 1041 3430 ut
1067 3367 1160 3450 apud
1186 3367 1313 3444 Deum,
1341 3365 1385 3430 ad

439 3485 542 3549 quem
556 3465 642 3542 ibat,
660 3484 777 3528 eorum
794 3485 927 3530 memor
939 3473 1042 3544 esset,
1052 3460 1175 3550 lcaput
1188 3467 1386 3531 inclinando

439 3564 684 3648 benignissime
698 3564 884 3647 acquievit.
937 3565 1026 3629 Haec
1043 3573 1079 3630 et
1095 3565 1149 3629 his
1163 3565 1290 3630 similia
1309 3585 1387 3630 cum

441 3665 591 3741 fecisset,
604 3664 717 3727 innuit
732 3664 798 3728 sibi
817 3665 949 3746 porrigi
964 3684 1123 3745 crucem3
1140 3684 1244 3748 quam
1260 3667 1387 3748 capite,

440 3763 511 3828 imo
527 3770 603 3827 toto
617 3782 760 3846 corpore
777 3762 944 3828 inclinato
958 3764 1120 3842 adorans,
1135 3765 1293 3830 manibus
1316 3784 1389 3828 am·

441 3864 602 3946 plexans,
624 3862 706 3927 laeto
729 3881 789 3927 ore
810 3862 963 3928 salutare
977 3864 1160 3929 videbatur
1181 3870 1217 3927 et
1234 3863 1388 3948 jocundo

442 3957 584 4027 ²affectu
607 3961 896 4043 deosculabatur3
920 3982 998 4027 cum
1025 3964 1120 4028 illico
1147 3971 1303 4029 astantes
1324 3963 1389 4026 rni-

478 4226 602 4294 ¹Cuput.]
630 4230 664 4283 A.
683 4232 713 4281 0.
731 4230 766 4280 D.
786 4232 819 4280 Ε.
836 4232 905 4293 1123
965 4229 1393 4296 ἱΑῇἰεσίιιᾷᾼ.8.Ιι2.;οιιιίῐὶθ(1
1452 4193 1459 4198 ·

442 4300 536 4364 capite,
546 4301 576 4351 S.
930 4303 957 4350 iu
970 4303 999 4352 C.
1011 4303 1047 4352 D.
1060 4302 1092 4353 Ε.
