3142 5025
217 524 286 574 nm.
304 508 377 589 nn]
444 522 558 571 cnsrn
583 523 710 572 nncuu
735 521 950 571 nncronun.
1104 504 1172 572 405

217 702 293 745 eam
323 681 477 745 Karolus
501 680 642 745 Rolloni
668 701 747 745 cnm
777 675 865 745 ¹tilia
889 679 991 745 Gisla
1017 679 1171 759 dederat,

216 782 313 845 brevi
337 781 450 845 effecit
472 789 524 858 ut,
550 782 643 845 ultro
658 779 795 844 Alanus
815 781 1014 858 adveniens,
1037 783 1170 864 suppli-

217 881 304 944 citer
318 902 355 943 se
370 901 503 962 suaque
517 879 667 944 dederet.
718 880 799 957 Sed,
814 882 897 962 quia
912 880 954 944 de
972 880 1171 947 Brittannia

216 999 339 1061 parum
366 980 453 1044 alias
481 980 636 1043 dicturus
662 999 751 1057 sum,
779 980 834 1043 hic
862 979 1036 1062 quoddam
1065 982 1169 1045 mira-

215 1081 345 1156 culum,
361 1080 453 1161 quod
475 1079 545 1142 illis
568 1079 676 1143 ferme
697 1078 816 1143 diebus
839 1080 876 1142 in
890 1079 1064 1144 Nannetis
1086 1080 1171 1145 civi·

216 1185 290 1242 tate
306 1179 466 1261 contigit,
483 1177 602 1260 paucis
618 1179 779 1243 inseram.

417 1370 632 1419 nannenus
655 1370 820 1419 cnunrcrs
843 1370 968 1421 secus

268 1476 377 1561 5237.
401 1478 512 1543 Erant
532 1478 570 1541 in
587 1480 671 1542 urbe
693 1480 756 1559 illa
778 1480 847 1544 duo
868 1480 996 1558 clerici,
1019 1481 1169 1545 nondum
1183 1497 1300 1547 hundos

216 1578 430 1661 patientibus
455 1579 567 1655 annis,
585 1579 800 1661 presbyteri;
823 1579 858 1643 id
884 1579 1033 1644 officium
1057 1582 1170 1663 magis
1183 1550 1285 1637 ddb‘br

216 1677 374 1760 precario
402 1697 507 1760 quam
538 1679 640 1742 bonae
669 1679 751 1742 vitae
783 1680 908 1743 merito
937 1681 982 1744 ab
1009 1681 1171 1763 episcopo
1185 1649 1272 1689 Μ

216 1776 285 1841 1οοί
301 1785 511 1859 exegerant:
535 1778 683 1859 denique
706 1778 850 1842 alterius
873 1780 1090 1843 miserandus
1107 1798 1169 1843 ex·

216 1878 289 1941 itus
310 1878 532 1960 superstitem
551 1878 719 1941 instruxit
734 1898 840 1959 quam
861 1877 990 1943 fuerint
1007 1886 1112 1943 antea
1134 1880 1170 1944 in

216 1976 343 2040 inferni
359 1978 496 2059 lapsum
513 1979 614 2041 ambo
630 1977 840 2060 praecipites
874 1976 1059 2055 Caeterum,
1077 1980 1170 2061 quod

218 2076 262 2139 ad
286 2076 466 2140 scientiam
488 2077 666 2141 literarum
693 2077 804 2141 tendit
823 2077 873 2141 ita
898 2077 1023 2155 edocti,
1045 2086 1084 2141 ut
1110 2085 1171 2144 aut

217 2194 341 2258 parum
356 2182 418 2239 aut
432 2176 517 2239 nihil
530 2176 616 2258 ipsis
634 2176 797 2240 deberent
813 2177 944 2240 artibus
958 2198 966 2255 ;
990 2197 1012 2241 a
1028 2185 1170 2259 reptan-

218 2276 311 2339 tibus
328 2275 484 2339 infantiae
502 2275 704 2339 rudimentis
728 2276 816 2339 adeo
833 2276 994 2360 jocundis
1010 2277 1170 2340 amicitiae

218 2373 339 2438 officiis
355 2375 484 2452 aemuli,
499 2383 551 2453 ut,
561 2376 668 2460 juxta
676 2368 823 2439 2(ἶοιιιὶοἱ
836 2375 977 2452 dietum,
990 2375 1171 2439 ‘Manibus

218 2475 431 2558 pedibusque
448 2475 619 2553 conando,
633 2474 824 2558 perieulum
847 2475 964 2553 etiam,
978 2476 1007 2539 si
1031 2494 1171 2540 necesse

220 2582 324 2652 esset,
344 2575 469 2659 capitis
495 2596 558 2658 pro
578 2575 725 2639 invicem
747 2575 923 2639 facerent’
976 2575 1094 2653 Quare
1116 2576 1171 2640 die

219 2674 383 2756 quadam,
413 2676 606 2739 liberiorem
631 2669 800 2738 ³animum
826 2695 847 2738 a
870 2675 961 2739 curis
992 2675 1170 2740 forinsecis

222 2776 328 2852 nacti,
357 2776 393 2838 in
417 2782 550 2839 secreto
575 2774 733 2839 conclavi
756 2774 956 2858 hujusmodi
981 2775 1171 2840 sententias

219 2874 358 2939 fudere:
384 2874 547 2938 Pluribus
564 2894 602 2938 se
626 2874 727 2938 annis
751 2894 843 2938 nunc
864 2875 986 2952 literis,
1002 2895 1094 2938 nunc
1117 2895 1171 2938 se·

219 2974 288 3039 culi
297 2967 433 3051 ⁴lucris,
446 2982 579 3039 mentes
595 2973 804 3051 exercuisse,
815 2994 878 3038 nec
893 2975 1051 3052 satiasse,
1061 2975 1172 3056 magis

219 3075 266 3138 ad
298 3073 482 3138 distortum
515 3094 619 3156 quam
646 3074 690 3137 ad
717 3082 850 3138 rectum
878 3075 1050 3138 intentas:
1082 3074 1173 3138 inter

220 3174 309 3250 haec,
325 3173 423 3237 illum
448 3177 608 3238 acerbum
631 3173 720 3237 diem
744 3174 871 3237 sensim
895 3172 1172 3257 appropinquare

220 3273 282 3355 qui
308 3274 485 3337 societatis
500 3293 574 3336 suae
595 3273 834 3337 inextricabile
857 3274 893 3337 in
907 3275 981 3338 vita
996 3274 1172 3337 vinculum

219 3372 472 3454 disrumperem
510 3373 600 3435 unde
640 3372 920 3454 praeveniendum
957 3379 1103 3450 mature,
1133 3379 1173 3435 ut

220 3471 319 3549 tides,
346 3491 424 3554 quae
455 3471 713 3553 conglutinarat
739 3471 908 3549 viventes,
933 3472 1043 3554 primo
1081 3492 1171 3535 mor·

221 3579 321 3635 tuum
342 3572 567 3636 comitaretur
591 3571 636 3634 ad
658 3588 787 3634 manes.
841 3571 1072 3635 Paciscuntur
1089 3590 1172 3652 ergo

221 3679 262 3736 ut
277 3671 434 3754 quisquis
450 3691 570 3735 eorum
586 3677 668 3734 ante
680 3670 803 3747 obiret,
818 3672 1008 3753 superstiti,
1024 3671 1078 3734 vel
1093 3670 1172 3734 dor-

221 3772 342 3842 mienti
354 3771 410 3835 vel
427 3770 599 3852 vigilanti,
613 3777 797 3852 appareret
816 3768 907 3833 infra
925 3770 1068 3851 triginta
1092 3787 1172 3850 pro·

258 4101 369 4164 wau]
392 4106 422 4155 G.
440 4104 476 4154 D.
494 4105 543 4165 Ε.;
560 4105 613 4154 lilia
630 4119 687 4167 sna,
747 4103 907 4168 Minimum]
920 4103 952 4154 A.
966 4104 994 4153 S.
1009 4105 1039 4154 0.
1052 4103 1086 4154 D.
1101 4105 1125 4152 E
1134 4109 1173 4165 2.;

222 4172 257 4224 A.
270 4174 299 4222 S.
311 4173 343 4223 L.
711 4174 817 4224 omitted
828 4175 854 4222 in
866 4175 920 4223 El.

221 4239 597 4361 w²¹Cumicidictum.]Terent.
606 4245 689 4294 Andr.
712 4242 886 4363 culrsme]
911 4243 945 4293 A.
971 4245 999 4293 C.
1020 4244 1056 4292 D.
1076 4243 1106 4292 E.
1126 4244 1174 4302 L.;

251 4348 258 4362 .
288 4348 294 4361 .
783 4348 791 4375 ,
823 4349 830 4362 .

965 4389 1025 4450 tn
