3142 5025
406 536 477 600 tao
691 551 872 611 ¹ursrourn
896 551 1072 599 uovnnna.
1212 535 1305 627 [nra.
1324 551 1362 599 11.

412 708 485 773 rius
512 707 694 791 episcopus
723 715 846 772 contra
874 706 927 771 ias
951 696 1128 785 tenuerat,
1147 726 1228 789 rege
1257 707 1362 785 adito,

413 809 559 891 antiqua
575 808 757 891 privilegia
777 815 814 871 et
837 809 980 871 abbates
1002 807 1127 872 habere
1153 814 1362 873 mernerunt.

416 908 559 972 Electus
585 909 701 987 estin
730 908 891 971 abbatem
916 907 1162 971 Malmesbiriae
1191 927 1213 974 a
1242 926 1362 971 mona·

414 1008 500 1083 chia,
526 1007 714 1071 secundum
740 1015 892 1072 tenorem
917 1006 1090 1090 privilegii
1121 1007 1214 1090 quod
1237 1008 1361 1072 beatus

413 1105 595 1174 Aldelmus
611 1127 633 1171 a
649 1106 770 1188 Sergio
789 1126 882 1191 papa
893 1106 969 1189 jam
993 1114 1075 1171 ante
1089 1106 1362 1189 quadringentos

413 1208 601 1289 sexaginta
614 1214 649 1270 et
664 1226 727 1270 sex
741 1226 850 1271 annos
866 1206 1124 1288 impetraverat,
1135 1213 1170 1270 et
1186 1225 1209 1270 a
1223 1207 1362 1287 regibus

413 1306 712 1371 west-Saxonum
731 1306 809 1383 lna,
825 1306 1034 1370 Marciorum
1046 1304 1244 1383 Ethelredo,
1259 1307 1361 1370 robo-

410 1407 484 1473 rari
507 1407 648 1484 fecerat,
675 1406 829 1489 eJusdem
854 1406 921 1469 loci
949 1404 1138 1470 monachus
1168 1405 1192 1469 J
1195 1406 1361 1483 ohannes,

409 1506 468 1588 ¹vir
489 1505 703 1588 benignitate
722 1525 857 1569 morum
880 1511 916 1570 et
937 1505 1044 1569 animi
1067 1505 1273 1571 liberalitate
1299 1524 1360 1588 ap·

410 1606 522 1687 prime
549 1605 707 1687 insignis.
759 1604 928 1669 Probavit
956 1604 1094 1687 legatus
1121 1624 1275 1683 causam,
1296 1606 1361 1668 im-

413 1704 575 1786 probavit
591 1723 774 1787 personam
788 1703 917 1783 anullo
931 1705 1022 1767 enim
1039 1704 1141 1767 modo
1155 1706 1264 1769 menti
1285 1704 1359 1788 ejus

411 1803 612 1886 persuaderi
635 1810 775 1885 poterat
800 1823 916 1885 regem
945 1811 1072 1885 praeter
1096 1802 1270 1868 dationem
1300 1824 1361 1886 pe-

413 1904 524 1967 cuniae
563 1902 724 1967 electioni
754 1904 979 1967 consensisse.
1047 1903 1094 1968 Et
1123 1904 1261 1986 quidem
1298 1904 1361 1967 ali-

412 2010 580 2085 quantum
605 2022 822 2067 nummorum
837 2002 1044 2085 promissum
1058 2002 1185 2081 fuerat,
1199 2022 1306 2069 causa
1320 2003 1362 2067 li·

410 2102 558 2167 bertatis
583 2103 750 2179 ecclesiae,
772 2122 843 2166 non
864 2102 1043 2167 electionis
1065 2120 1232 2185 personae.
1285 2102 1360 2166 Ita·

412 2221 480 2284 que
504 2201 527 2265 J
530 2204 696 2279 ohannes,
725 2202 885 2284 quamvis
916 2202 1102 2267 immatura
1129 2209 1239 2267 morta
1269 2220 1361 2267 anno

412 2301 532 2365 eodem
554 2308 746 2385 praereptus
767 2301 883 2378 suerit,
908 2308 1073 2366 aeternam
1095 2309 1212 2366 tamen
1235 2310 1269 2367 et
1285 2302 1361 2366 lau·

412 2400 560 2465 debilem
578 2403 632 2467 sui
648 2401 848 2465 memoriam
863 2401 996 2465 cunctis
1011 2407 1090 2484 post
1107 2420 1144 2465 se
1162 2402 1287 2466 seculis
1301 2402 1360 2465 de·

413 2492 573 2583 reliquit:
597 2501 713 2566 nullus
735 2500 826 2565 enim
840 2500 939 2587 (vere
954 2497 1083 2585 fateor)
1100 2501 1175 2586 ejus
1197 2502 1265 2567 loci
1286 2521 1360 2567 mo·

412 2601 545 2666 nachus
577 2609 684 2666 tantae
713 2601 1011 2682 magnanimitatis
1050 2600 1143 2666 sacto
1171 2603 1359 2680 assisteret,

412 2701 479 2770 nisi
501 2700 525 2764 J
528 2701 681 2766 ohannes
698 2700 908 2765 inchoasset.
960 2700 1086 2783 Itaque
1107 2702 1259 2766 habeant
1282 2719 1360 2765 suc·

412 2819 567 2866 cessores
584 2801 660 2886 ejus
675 2801 811 2865 laudem
830 2802 860 2864 si
877 2801 1072 2864 libertatem
1087 2801 1241 2866 ecclesia
1255 2801 1361 2866 tutati

410 2898 553 2979 fuerint,
570 2902 645 2985 ipse
667 2899 893 2984 proculdubio
916 2918 992 2965 eam
1017 2919 1039 2964 a
1060 2901 1227 2966 servitute
1242 2899 1362 2966 vendi·

410 2998 515 3064 cavit.

505 3189 554 3236 on
576 3187 805 3236 eousosroun
828 3188 987 3236 canaam
1010 3187 1079 3235 rna
1102 3187 1278 3236 naemu.

462 3296 480 3380 §
506 3296 562 3361 34.
586 3295 698 3360 Totus
724 3316 837 3361 annus
860 3297 918 3360 ille
942 3297 1130 3379 asperitate
1153 3315 1287 3378 guerrae
1309 3295 1363 3359 in·

249 3422 324 3503 00an
410 3393 558 3462 horruit.
604 3395 759 3461 Castella
790 3403 889 3460 erant
920 3397 1041 3461 crebra
1068 3415 1131 3478 per
1151 3401 1262 3460 totam
1286 3394 1362 3461 An·

326 3475 355 3504 ‘¹'
410 3495 537 3578 gliam3
561 3515 709 3579 quaeque
728 3515 810 3560 suas
832 3503 949 3578 partes
975 3494 1206 3572 defendentia,
1222 3493 1362 3580 imo(ut

409 3596 525 3661 verius
540 3592 670 3682 dicam)
683 3594 942 3678 depopulantia.
994 3594 1127 3659 Milites
1141 3595 1362 3682 castellorum

411 3695 629 3760 abducebant
652 3695 696 3758 ab
719 3695 813 3776 agris
844 3702 883 3779 et,
900 3713 1027 3777 pecora
1053 3702 1089 3760 et
1113 3694 1274 3777 pecudes,
1298 3713 1362 3757 nec

410 3795 563 3859 ecclesiis
578 3803 642 3858 n'ec
662 3793 861 3858 coemiteriis
881 3801 1073 3877 parcentes,
1114 3788 1362 3870 'Vavassores

408 3895 571 3971 rusticos,
586 3895 784 3976 quicunque
806 3892 984 3974 pecuniosi
1006 3893 1232 3975 putabantur,
1254 3894 1361 3956 inter·

410 3994 589 4077 cipiantes,
612 3993 860 4076 suppliciorum
882 3992 1120 4075 magnitudine
1143 3992 1187 4056 ad
1214 3991 1360 4074 quodvis

408 4093 680 4177 promittendum
715 4094 896 4174 cogebant.
957 4091 1128 4157 Domibus
1157 4092 1362 4156 miserorum

443 4332 449 4369 ¹
468 4337 615 4388 Vamam
627 4329 814 4402 ...cogeboat.]
828 4335 860 4384 E.
866 4347 875 4394 ;
893 4334 997 4391 omitted
1009 4333 1035 4382 in
1047 4333 1076 4384 S.
1090 4334 1120 4383 C.
1132 4333 1167 4384 D.
1182 4333 1215 4383 G.
1229 4333 1264 4383 K.
1276 4333 1332 4382 Li.
