3142 5025
414 507 480 572 518
631 523 746 570 casus
770 523 896 570 neuun
921 521 1133 569 suetonum.
1210 506 1295 586 [mr.
1316 521 1367 568 ιν.

468 679 584 755 Patre,
614 677 716 743 nimis
750 678 882 756 tardas,
916 698 996 742 nam
1026 678 1157 762 Symon
1188 679 1233 742 ad
1260 678 1372 742 ardua

520 784 653 857 tentat3

418 873 420 879 ’
471 877 509 942 Si
525 896 679 960 praesens
693 896 800 955 esses,
817 897 887 941 non
903 877 1033 961 Symon
1048 872 1109 942 ¹ad
1123 877 1197 942 alta
1210 878 1355 942 volaret.

473 976 567 1041 Proh
591 976 712 1042 dolor!
745 976 913 1041 Ecclesiae
942 977 1091 1041 nummis
1115 976 1312 1042 venduntur
1335 984 1371 1041 et

522 1076 612 1140 aare!

804 1176 850 1239 Et
866 1174 976 1240 infra:

445 1305 455 1333 ‘
474 1298 584 1362 Filius
601 1304 654 1361 est
669 1299 810 1380 praesul,
824 1306 924 1381 pater
939 1300 1059 1375 abbas,
1075 1299 1204 1381 Symon
1215 1307 1372 1381 uterque.

475 1397 568 1476 Quid
586 1417 655 1460 non
673 1417 851 1479 speremus
868 1399 897 1460 si
916 1418 1074 1462 nummos
1090 1399 1350 1480 possideamusl

476 1498 603 1561 Omnia
619 1517 779 1561 nummus
794 1498 918 1576 habet3
942 1498 1035 1580 quod
1052 1498 1129 1563 vult
1141 1498 1236 1576 facit,
1252 1497 1359 1575 addit,

526 1604 562 1659 et
576 1595 700 1660 aufert.

477 1695 549 1758 Res
566 1696 666 1757 nimis
681 1693 825 1778 injusta,
840 1694 987 1758 nummis
1001 1695 1041 1758 tit
1056 1696 1184 1777 praesul
1197 1703 1233 1760 et
1249 1695 1360 1759 abba'

674 1909 721 1954 Dll
744 1907 938 1955 HRRBER'I'O
961 1907 1126 1955 kosmus.

481 2016 589 2101 5339.
613 2015 851 2082 Veruntamen
869 2035 1048 2080 erroneum
1066 2016 1230 2099 impetum
1249 2014 1376 2098 juven·

430 2117 515 2196 tutis
540 2117 691 2181 abolevit
711 2117 931 2198 poenitentia,
950 2115 1098 2178 Romam
1122 2114 1296 2197 profectus
1321 2133 1376 2177 se-

432 2217 620 2280 verioribus
636 2217 735 2280 annis
747 2237 756 2295 3
770 2217 830 2279 ubi
842 2216 921 2292 loci,
939 2215 1151 2297 symonicum
1168 2220 1204 2278 et
1216 2214 1378 2277 baculum

432 2322 468 2378 et
484 2317 649 2379 annulum
669 2316 857 2398 deponens,
872 2314 1087 2396 indulgentia
1101 2314 1377 2377 clementissimae

432 2414 523 2478 sedis
560 2416 685 2480 iterum
724 2415 877 2496 recipere
911 2414 1056 2493 meruit3
1097 2414 1189 2496 quod
1227 2413 1379 2476 Romani

432 2515 586 2579 sanctius
611 2524 647 2579 et
672 2514 864 2579 ordinatius
893 2520 1067 2590 censeant,
1092 2521 1133 2577 ut
1156 2511 1379 2578 ecclesiarum

432 2615 584 2678 omnium
598 2623 758 2697 sumptus
780 2614 853 2677 suis
875 2613 991 2695 potius
1008 2614 1192 2695 marsupiis
1214 2612 1380 2690 serviant,

433 2733 536 2795 quam
564 2713 796 2797 quorumlibet
820 2732 941 2793 regum
964 2713 1083 2776 usibus
1108 2714 1268 2776 militent.
1322 2713 1380 2776 Ita

424 2812 642 2889 -Herbertus,
664 2812 804 2876 domum
820 2831 991 2889 reversus,
1007 2812 1123 2875 sedem
1147 2812 1378 2894 episcopalem

434 2931 512 2994 quse
536 2913 710 2993 quondam
734 2911 848 2975 suerat
871 2912 908 2974 in
937 2910 1112 2988 Helmam,
1138 2918 1174 2974 et
1199 2918 1282 2974 tunc
1304 2919 1380 2975 erat

433 3010 526 3093 apud
541 3010 722 3087 Thetford,
746 3010 790 3073 ad
817 3010 985 3093 insignem
1008 3011 1237 3075 mercimoniis
1258 3018 1294 3074 et
1317 3031 1379 3093 po·

432 3110 592 3192 pulcrum
605 3110 800 3192 frequentia
810 3111 924 3173 vicum
935 3111 1125 3187 transtulit,
1138 3111 1276 3174 nomine
1287 3110 1381 3175 Nor·

434 3209 511 3273 wic.
564 3210 619 3274 Ibi
644 3209 889 3273 monachorum
915 3210 1217 3292 congregationem
1238 3230 1381 3274 numero

434 3316 470 3372 ct
486 3308 651 3390 religione
674 3309 903 3391 percelebrem
925 3310 1089 3387 instituit,
1110 3309 1226 3372 omnia
1252 3309 1296 3372 iis
1321 3330 1381 3374 ne·

433 3409 586 3472 cessaria
613 3429 659 3473 ex
686 3409 833 3472 nummis
858 3416 1031 3472 mercatus
1053 3408 1269 3473 domesticis:
1301 3429 1382 3491 pro·

434 3507 555 3571 videns
579 3509 712 3572 scilicet
737 3528 974 3572 successorum
991 3509 1152 3591 querelae,
1172 3509 1286 3571 nullas
1309 3509 1381 3591 epi-

434 3607 543 3688 scopii
570 3614 681 3670 terras
706 3608 884 3671 monachis
908 3607 1055 3693 largitus
1078 3614 1151 3687 est3
1175 3627 1218 3671 ne
1239 3608 1290 3671 illi
1315 3608 1381 3672 Dei

433 3706 580 3769 famulos
599 3704 1041 3784 'fraudarentuictualibus
1061 3706 1091 3769 si
1113 3707 1197 3790 quid
1217 3707 1383 3771 donatum

433 3806 656 3871 offendissent
669 3808 762 3889 quod
789 3807 861 3870 suis
888 3813 1098 3889 competeret
1120 3807 1233 3870 rebus.
1286 3807 1383 3870 Prae-

469 4076 476 4106 ¹
488 4079 530 4129 Aa
541 4083 592 4130 altu
603 4082 717 4147 calmet]
734 4082 860 4147 Alluding
870 4088 897 4131 to
921 4097 986 4143 was,
996 4083 1031 4144 by
1042 4084 1085 4131 the
1096 4083 1239 4145 adjuration
1249 4084 1279 4132 ol
1286 4084 1323 4134 st.
1333 4085 1385 4133 Pe-

432 4150 474 4198 the
485 4151 614 4211 legendos
622 4152 659 4201 st.
667 4154 744 4201 Peter
752 4153 803 4202 and
811 4154 897 4202 Simon
922 4158 969 4214 ter,
980 4152 1079 4201 dashed
1090 4157 1115 4201 to
1126 4153 1169 4201 the
1180 4152 1251 4201 earth
1263 4154 1312 4202 and
1324 4155 1385 4203 kill-

432 4220 537 4281 Magus,
545 4221 613 4281 who,
624 4222 718 4284 having
728 4223 908 4284 undertakes„
922 4223 963 4271 ed.
987 4222 1019 4272 V.
1036 4223 1180 4285 Fabricius,
1202 4222 1292 4272 Codex
1315 4224 1384 4285 Apo·

432 4290 466 4351 by
478 4304 564 4337 means
575 4290 604 4339 ol
620 4293 805 4354 enclrantment,
815 4299 842 4342 to
853 4262 909 4356 Μ
922 4293 1042 4353 cryphus.
1065 4293 1183 4359 (Sharpe,
1194 4290 1264 4356 402.)
