3142 5025
190 533 347 614 mann]
410 547 674 597 cnsrnnucnn
698 547 915 597 suenorum
1073 533 1140 596 465

189 707 400 788 eloquentia,
420 705 483 769 tali
509 711 611 787 gestu
636 705 793 788 procedit
818 723 944 768 aurens
965 705 1074 788 lepos,
1098 723 1140 768 eo

190 807 293 870 modo

275 953 498 1036 ‘Purpureos
515 952 617 1016 flores
633 951 746 1015 fundit
761 952 922 1016 facundia
936 951 1057 1016 dives.'

194 1103 440 1184 Berengarius,
455 1102 557 1184 plane
574 1101 731 1184 quamvis
748 1101 824 1184 ipse
845 1101 1053 1165 sententiam
1069 1121 1144 1166 cor·

194 1202 335 1280 rexerit,
350 1220 469 1266 omnes
487 1220 575 1283 quos
597 1221 641 1264 ex
663 1200 746 1264 totis
769 1201 871 1264 terris
893 1200 1145 1283 depravaverat

194 1302 396 1365 convertere
410 1301 585 1382 nequivit3
609 1299 694 1364 adeo
709 1301 895 1382 pessimum
910 1307 964 1363 est
979 1300 1067 1364 alios
1082 1321 1145 1364 ex-

195 1401 310 1483 emplo
328 1400 384 1465 vel
401 1401 546 1468 verboa
562 1400 654 1463 bono
677 1400 863 1480 infirmare,
884 1400 966 1480 quia
987 1400 1145 1464 fortassis

195 1509 376 1583 peccatum
398 1507 433 1564 te
456 1500 617 1582 gravabit
632 1499 794 1576 alienum,
811 1518 890 1561 cum
905 1499 1055 1563 deletum
1070 1500 1145 1564 fue-

196 1601 243 1663 rit
265 1607 373 1663 tuum.
427 1598 532 1677 Quod
555 1599 754 1681 episcopum
777 1597 1026 1662 Carnotensem
1042 1593 1145 1663 ¹Ful·

197 1700 345 1777 bertum,
356 1719 456 1781 quem
471 1699 613 1763 Domini
627 1706 737 1761 mater
753 1697 868 1761 Maria
880 1698 962 1761 olim
976 1707 1147 1780 aegrotum

196 1799 288 1863 lacte
314 1798 578 1863 mammillarum
605 1817 743 1862 suarum
768 1799 845 1862 visa
872 1797 988 1862 suerat
1012 1818 1147 1876 sanare,

71 1981 77 1986 ἱ
197 1898 402 1982 praedixisse
416 1899 533 1962 aiunt:
557 1917 638 1962 nam
657 1917 735 1960 cum
756 1898 793 1960 in
809 1899 974 1960 extremis
995 1900 1148 1981 positum

199 1999 300 2062 multi
314 1999 507 2074 visitarent,
535 2005 571 2061 et
592 1997 717 2061 aedium
738 1997 916 2079 capacitas
930 1998 993 2061 vix
1014 1998 1147 2062 confiu-

199 2097 338 2162 entibus
365 2095 548 2174 sufficeret,
575 2096 633 2160 ille
658 2097 750 2160 inter
778 2097 958 2178 oppositas
988 2105 1148 2163 catervas

200 2199 301 2261 oculo
315 2197 420 2278 longe
434 2197 591 2273 rimatus,
600 2196 852 2278 Berengarium
866 2196 945 2259 nisu
958 2217 1027 2279 quo
1037 2199 1149 2262 valuit

201 2296 443 2379 expellendum
462 2297 608 2373 censuit,
633 2302 847 2379 protestatus
870 2296 1054 2359 immanem
1078 2298 1148 2361 dae·

200 2416 337 2461 monem
366 2404 507 2478 propter
536 2415 615 2459 eum
647 2395 847 2472 consistere,
876 2395 1073 2476 multosque
1104 2397 1149 2461 ad

202 2516 280 2561 enm
296 2495 508 2578 sequendum
528 2494 728 2560 blandiente
748 2514 854 2558 manu
875 2501 910 2558 et
932 2494 1024 2560 illice
1043 2496 1149 2561 anhe-

201 2597 268 2660 litu
291 2616 530 2678 corrumpere3
553 2596 636 2678 quin
659 2601 695 2659 et
714 2596 790 2678 ipse
806 2594 862 2658 die
877 2595 1150 2678 Epiphaniomm

202 2696 363 2773 moriens,
400 2696 599 2778 gemituque
629 2695 799 2778 producto
836 2695 1036 2759 recordatus
1065 2705 1150 2778 quot

202 2796 346 2860 miseros
360 2794 533 2878 quondam
556 2794 756 2859 adolescens
771 2795 882 2877 primo
894 2797 1021 2859 erroris
1036 2797 1150 2860 calore

204 2901 301 2958 secta
313 2914 379 2959 sua
392 2894 562 2972 infecerit,
578 2894 739 2971 ‘Hodie'
756 2895 883 2976 inquit,
899 2895 956 2957 ‘in
970 2894 1026 2958 die
1042 2915 1150 2979 appa·

202 2994 339 3057 ritionis
355 3012 428 3057 suae
448 2995 628 3077 apparebit
643 2993 727 3056 mihi
743 2994 913 3058 Dominus
934 3014 1031 3058 meus
1045 2995 1069 3060 J
1071 3015 1152 3059 esus

205 3092 378 3170 Christus,
392 3101 533 3177 propter
552 3092 805 3175 poenitentiam,
822 3101 862 3157 ut
878 3113 992 3176 spero,
1010 3095 1055 3158 ad
1076 3097 1152 3178 glo·

204 3194 312 3272 riam3
335 3193 392 3257 vel
409 3200 550 3275 propter
565 3193 664 3269 alios,
679 3200 719 3256 ut
732 3194 849 3269 timeo,
865 3192 909 3256 ad
923 3196 1087 3276 poenam.’

257 3291 366 3375 §286.
390 3291 467 3355 Nos
485 3310 569 3355 sane
586 3291 768 3369 credimuS,
786 3299 868 3375 post
881 3292 1153 3359 benedictionem

202 3391 484 3468 ecclesiasticam,
511 3392 573 3455 illa
597 3392 763 3474 mysteria
785 3410 862 3455 esse
884 3412 1004 3455 verum
1028 3413 1153 3477 corpus

202 3498 239 3554 et
264 3492 469 3573 sangninem
494 3490 707 3569 Salvatoris3
731 3489 873 3555 adducti
898 3498 935 3555 et
947 3494 1075 3557 veteris
1097 3514 1153 3558 ec·

203 3590 319 3653 clesiae
341 3590 560 3667 auctoritate,
578 3599 613 3655 et
628 3590 746 3673 multis
768 3591 905 3655 noviter
919 3594 1068 3655 ostensis
1089 3594 1154 3657 mi·

204 3690 345 3753 reculis.
399 3688 513 3767 Quale
529 3689 593 3753 fuit
609 3689 695 3752 illud
712 3690 804 3771 quod
821 3690 944 3753 beatus
962 3689 1153 3773 Gregorius

203 3787 363 3852 exhibuit
379 3789 513 3853 Romae.
566 3788 681 3867 Quale
695 3787 788 3871 quod
803 3787 1013 3852 Paschasius
1034 3800 1155 3855 narrat

204 3889 394 3969 contigisse
418 3886 658 3953 Alamanniae:
696 3888 935 3970 presbyterum
958 3886 1154 3971 Plegildum

203 3987 387 4052 visibiliter
412 3988 562 4070 speciem
582 3988 681 4070 pueri
705 3988 742 4050 in
769 3987 879 4051 altare
907 3994 1154 4067 contrectasse,

240 4258 414 4319 ¹Fallrertam‚
425 4274 495 4323 quem
505 4260 607 4308 Domini
618 4274 668 4307 ma·
693 4259 878 4309 mammillarum
894 4276 994 4311 mrum
1010 4264 1157 4322 messuerat

202 4335 243 4381 ter
264 4329 351 4380 Mario
377 4330 435 4381 olim
461 4334 580 4393 agrotum
607 4330 668 4380 lacte
691 4322 801 4397 sanam]
820 4328 963 4397 See§186,
978 4349 1022 4395 pp.
1031 4337 1088 4398 sto,
1099 4338 1157 4386 ⁸1⁷.

1155 729 1250 769 amount
1258 729 1282 768 ot

1155 780 1268 828 Boranga.
