3142 5025
422 501 488 565 530
643 517 756 566 onsrs
785 517 910 566 ancon
934 518 1150 566 ancnoauu.
1221 503 1375 584 [mnrv.

422 675 595 757 specimen
620 676 731 739 crucis
745 677 900 740 vestibus
919 676 1124 757 insigniant,
1137 682 1176 739 ut
1197 675 1372 739 intestinae

421 775 501 838 fidei
517 774 599 837 foris
613 793 762 839 amorem
781 776 1000 858 praetendant
1013 795 1023 853 ;
1045 775 1211 838 habentes
1227 795 1289 857 per
1304 775 1371 839 Dei

422 893 636 950 concessum,
658 881 694 938 et
718 876 812 939 beati
838 875 935 939 Petri
959 874 1191 958 privilegium,
1217 874 1369 939 omnium

418 973 673 1038 absolutionem
698 975 892 1052 criminum,
922 983 957 1039 et
987 977 1053 1038 bac
1076 974 1215 1039 interim
1247 974 1371 1038 laetitia

421 1073 574 1137 laborem
598 1074 732 1138 itineris
754 1074 931 1152 allevient,
955 1074 1106 1139 habituri
1132 1081 1212 1156 post
1237 1074 1369 1137 obitum

421 1171 530 1236 felicis
566 1175 724 1256 martyrii
763 1173 1016 1238 commercium.
1077 1173 1253 1257 Ponentes
1285 1193 1369 1253 ergo

420 1272 524 1336 ferias
548 1273 746 1350 sceleribus,
763 1280 804 1336 ut
823 1275 945 1338 saltem
966 1274 1002 1338 in
1026 1273 1079 1336 bis
1103 1273 1303 1354 regionibns
1327 1272 1368 1334 li-

420 1380 498 1435 ceat
514 1371 720 1436 Christianis
735 1372 879 1455 pacifice
894 1373 1024 1449 vivere,
1033 1371 1152 1436 vadite
1164 1393 1174 1451 ;
1188 1373 1284 1434 illam
1299 1371 1368 1434 for-

421 1470 616 1547 titudinem,
632 1472 850 1553 prudentiam
870 1472 979 1549 illam,
996 1491 1101 1554 quam
1117 1473 1153 1534 in
1168 1470 1262 1535 civili
1287 1491 1369 1534 con-

421 1570 517 1635 flictu
534 1563 660 1635 babere
675 1572 881 1649 consuestis,
893 1572 1034 1656 justiori
1050 1571 1264 1636 effundentes
1278 1591 1367 1653 prae-

311 1744 315 1752 ι
420 1669 478 1732 lio.
532 1669 600 1746 Ite,
618 1671 934 1754 praedicabiles‘per
949 1673 1066 1754 orbem
1088 1669 1235 1735 milites!
1258 1671 1319 1747 ite,
1332 1679 1368 1734 et

420 1770 628 1850 prosternite
651 1771 797 1853 ignavas
820 1773 962 1852 gentes!
1015 1771 1085 1835 Eat
1101 1770 1235 1834 famosa
1258 1770 1368 1832 Fran-

419 1887 538 1932 corum
552 1871 674 1944 virtuS,
691 1889 769 1934 cum
784 1871 996 1954 appendiciis
1015 1870 1081 1934 sibi
1099 1870 1271 1952 gentibus,
1293 1870 1368 1933 solo

420 1969 475 2031 sui
497 1968 643 2034 nominis
667 1977 798 2034 terrore
820 1977 933 2035 totum
959 1971 1077 2034 orbem
1101 1976 1264 2036 motura.v
1299 1969 1367 2032 Sed

419 2067 501 2149 quid
517 2088 580 2132 vos
604 2069 734 2133 diutius
755 2071 931 2146 immoror,
945 2076 984 2133 ut
999 2069 1236 2134 fortitudinem
1253 2069 1367 2150 genti-

418 2167 504 2230 lium
518 2169 632 2233 verbis
651 2171 860 2234 extenuem?
903 2169 1015 2234 Immo
1037 2169 1219 2252 proponite
1242 2169 1365 2232 animis

418 2268 543 2330 vestris
570 2268 738 2332 Deificam
762 2270 982 2345 sententiam,
1006 2267 1205 2350 “Angusta
1230 2275 1284 2332 est
1307 2268 1366 2331 via

417 2386 495 2448 quae
518 2367 613 2431 ducit
636 2368 681 2432 ad
701 2369 844 2434 vitam.''
896 2369 982 2434 Esto
1001 2388 1083 2450 ergo
1107 2375 1148 2430 ut
1170 2367 1217 2442 sit
1241 2369 1365 2431 semita

418 2465 652 2532 itinerantium
675 2476 784 2547 arcta,
799 2468 902 2551 plena
924 2469 1105 2545 mortibuS,
1119 2473 1283 2549 suspecta
1304 2487 1365 2551 pe·

417 2567 558 2646 riculis;
586 2568 646 2631 sed
674 2569 748 2633 haec
773 2570 894 2633 eadem
918 2589 982 2633 vos
1008 2568 1172 2633 amissam
1194 2567 1298 2631 ducet
1320 2568 1364 2631 ad

417 2668 578 2746 patriam,
595 2686 658 2748 per
678 2669 806 2733 multas
823 2669 982 2736 nimirum
996 2668 1238 2732 tribulationes
1262 2687 1364 2749 opor-

417 2773 468 2829 tet
483 2785 545 2829 vos
563 2758 723 2831 ¹introire
745 2769 781 2830 in
805 2787 948 2849 regnum
965 2767 1043 2831 Dei.
1095 2767 1258 2850 Spectata
1280 2786 1364 2848 ergo

416 2865 543 2941 animo,
561 2866 592 2928 si
614 2868 731 2947 prensi
753 2868 901 2943 fueritis,
923 2886 1066 2945 cruces;
1092 2872 1247 2949 spectate
1269 2875 1363 2930 cate·

416 2982 491 3041 nas,
507 2984 722 3047 quaecunque
737 2959 929 3048 ²postremo
954 2972 1101 3049 possunt
1117 2972 1288 3029 tormenta
1310 2967 1363 3028 in·

415 3062 510 3143 fligi3
534 3065 715 3145 operimini
739 3085 802 3147 pro
818 3065 898 3129 fidei
911 3073 1036 3131 vestrae
1054 3067 1176 3129 robore
1190 3064 1362 3129 horrenda

413 3163 595 3244 supplicia,
610 3170 662 3240 ut,
682 3157 722 3227 si
736 3184 876 3229 neeesse
899 3166 1015 3243 luerit,
1033 3166 1159 3229 damno
1178 3184 1360 3247 corporum

413 3263 528 3342 agatis
545 3264 737 3328 animarum
754 3266 953 3329 remedium.
1007 3265 1204 3329 Mortemne
1219 3264 1361 3340 timetiS,

413 3362 479 3424 viri
496 3362 684 3441 fortissimi,
700 3363 902 3429 fortitudine
917 3372 954 3429 et
970 3365 1115 3427 andacia
1129 3366 1360 3446 praestantes?

415 3460 513 3525 Nihil
528 3470 620 3527 certe
636 3464 671 3527 in
686 3484 749 3531 vos
762 3464 891 3547 poterit
906 3464 1120 3531 comminisci
1136 3464 1287 3526 humana
1299 3483 1359 3526 ne-

413 3562 535 3641 quitia,
558 3582 627 3644 quo
653 3583 804 3646 superna
832 3572 996 3647 pensetur
1015 3564 1148 3645 gloria;
1178 3562 1360 3626 nonenim

411 3667 494 3724 sunt
520 3662 701 3743 condignae
723 3664 902 3745 passiones
926 3664 1031 3747 hujus
1052 3663 1217 3745 temporis
1241 3662 1285 3725 ad
1308 3662 1362 3738 fu.

412 3767 526 3825 turam
555 3762 701 3843 gloriam
727 3783 806 3844 quae
831 3763 1042 3827 revelabitur
1071 3763 1109 3825 in
1141 3762 1249 3825 nobis.
1303 3760 1361 3823 An

411 3861 550 3924 nescitis
565 3862 656 3943 quod
667 3864 783 3926 vivere
792 3864 987 3931 bominibus
1000 3871 1055 3927 est
1066 3861 1258 3937 calamitas,
1274 3861 1362 3922 mori

410 3958 582 4039 felicitasl
635 3961 725 4025 Haec
742 3964 841 4026 vobis
867 3963 1038 4039 doctrina,
1066 3963 1095 4025 si
1121 3960 1361 4035 recordamini,

446 4234 453 4266 ¹
467 4237 595 4299 latreus]
608 4236 641 4286 A.
652 4238 681 4285 C.
692 4238 726 4286 D.
737 4238 768 4287 E.
776 4239 807 4289 L.
817 4256 824 4298 ;
836 4240 872 4287 in·
933 4235 1104 4301 ²Postremc.]
1122 4238 1155 4287 A.
1169 4239 1200 4287 G.
1218 4238 1252 4287 D.
1267 4239 1298 4285 E.
1315 4238 1363 4297 t.;

409 4308 490 4369 gredi,
502 4307 530 4355 S.
898 4308 1016 4369 denique,
1028 4308 1057 4358 S.
