3142 5025
203 525 356 608 eruin]
427 541 540 591 ossra
566 544 693 592 aucun
718 545 944 613 aucnonou„
1085 531 1152 598 525

204 702 306 780 Quod
331 701 425 766 omni
451 709 605 785 tempore
633 702 781 784 primum
803 702 975 786 jejunium
1001 710 1152 785 quatuor

204 811 395 886 temporum
416 803 528 884 prima
549 802 765 866 hebdomada
779 802 1064 884 Quadragesimae
1077 802 1150 867 fiat.

206 901 308 980 Quod
331 902 467 966 ordines
490 903 582 966 omni
605 908 759 985 tempore
775 903 831 966 vel
853 903 890 964 in
905 921 1049 984 vespere
1065 902 1151 966 Sab·

205 1001 291 1078 bati,
303 1002 372 1078 vel,
389 1008 633 1084 perseverante
644 1001 792 1086 jejunio,
808 1002 845 1064 in
860 1001 1045 1066 Dominica
1063 1003 1153 1066 cele.

205 1102 368 1165 brentur:
400 1108 440 1165 ut
465 1101 502 1164 in
526 1101 679 1164 Sabbato
705 1101 865 1177 Paschae,
886 1121 957 1166 non
984 1102 1051 1165 nisi
1072 1109 1153 1183 post

205 1199 325 1264 horam
348 1219 476 1264 nouam
500 1199 649 1264 officium
675 1201 888 1281 celebretur;
917 1208 957 1265 ut
979 1200 1160 1284 jejunium.

206 1300 393 1364 secundum
406 1299 443 1363 in
458 1299 674 1364 hebdomada
691 1294 933 1364 'Pentecostes
950 1301 1152 1365 celebretur.

207 1398 310 1477 Quod
326 1401 370 1464 ab
384 1397 549 1464 Adventu
564 1399 706 1463 Domini
723 1418 834 1481 usque
851 1398 896 1462 ad
906 1406 1051 1464 octavas
1069 1399 1153 1482 Epi-

206 1500 356 1581 phaniae,
386 1507 421 1562 et
452 1519 475 1562 a
503 1498 766 1582 Septuagesima
795 1499 977 1580 usquead
1010 1505 1153 1563 octavas

130 1614 136 1624 ·
208 1598 366 1675 Paschae,
391 1606 427 1662 et
455 1617 476 1661 a
502 1599 613 1680 prima
639 1599 694 1661 die
716 1598 954 1680 Rogationum
977 1599 1154 1680 usquead

205 1705 348 1762 octavas
360 1697 602 1774 PentecosteS,
621 1705 657 1762 et
680 1717 702 1761 a
723 1704 849 1780 quarta
869 1697 956 1760 feria
978 1698 1154 1763 occidente

206 1797 279 1861 sole
304 1798 397 1862 omni
426 1804 580 1879 tempore
611 1817 721 1879 usque
751 1797 797 1860 ad
820 1798 1006 1861 secundam
1033 1796 1154 1860 feriam

207 1897 338 1961 oriente
355 1897 429 1960 sole
445 1891 575 1961 ²trevia
591 1898 659 1961 Dei
683 1897 910 1961 custodiatur.
962 1896 1065 1974 Quod
1081 1898 1154 1980 epi·

120 1995 122 2000 ’
208 2016 350 2079 scopum
383 1997 443 2077 qui
477 1997 619 2079 ceperit,
654 1998 795 2060 omnino
831 1997 936 2060 exlex
974 1995 1154 2061 habeatur.

209 2095 311 2174 Quod
335 2097 396 2178 qui
417 2096 507 2159 sacri
530 2096 660 2160 ordinis
674 2096 769 2160 viros
786 2096 843 2159 vel
867 2115 985 2160 eorum
1007 2095 1155 2159 famulos

208 2197 350 2278 ceperit,
376 2194 561 2259 anathema
590 2196 646 2259 sit.
700 2195 803 2273 Quod
829 2196 889 2277 qui
916 2197 1155 2278 episcoporum

208 2296 264 2359 vel
294 2293 497 2359 clericorum
528 2295 748 2358 morientium
777 2295 869 2357 bona
897 2294 1039 2376 ceperit,
1070 2313 1156 2357 aua·

208 2393 325 2458 therua
343 2395 400 2458 sit.
453 2394 556 2472 Quod
584 2395 644 2476 qui
671 2412 782 2476 usque
807 2393 851 2457 ad
873 2386 1073 2475 ³septimam
1096 2413 1156 2475 ge·

209 2495 423 2559 nerationem
445 2493 741 2577 consanguinitati
763 2511 801 2557 se
825 2493 1052 2576 copulaverit,
1074 2513 1158 2557 ana

209 2594 327 2659 thema
356 2594 415 2659 sit.
475 2594 579 2672 Quod
614 2613 714 2657 nemo
746 2594 783 2656 in
819 2594 1020 2676 episcopum
1049 2594 1158 2675 eliga-

210 2702 279 2771 tur,
314 2694 381 2757 nisi
409 2695 602 2777 presbyter,
633 2700 694 2757 aut
724 2693 904 2770 diaconus,
927 2700 989 2757 aut
1016 2693 1158 2757 subdia·

208 2812 330 2870 conus,
352 2800 388 2856 et
411 2793 467 2857 cui
487 2794 655 2857 natalium
675 2792 828 2875 dignitas
848 2791 1071 2875 suffragatur,
1093 2794 1159 2856 nisi

212 2893 365 2957 maxima
387 2893 593 2957 necessitate
608 2899 644 2956 et
657 2892 798 2956 licentia
813 2910 926 2974 papae.
978 2891 1082 2976 Quod
1099 2892 1160 2955 lilii

212 2995 490 3076 presbyterorum
519 2992 574 3056 vel
604 2992 872 3056 concubinarum
905 2990 950 3055 ad
982 2993 1161 3074 presbyte-

213 3100 327 3155 ratum
346 3111 417 3155 non
442 3098 723 3174 promoveantur,
746 3092 814 3155 nisi
833 3092 929 3173 prius
952 3091 997 3153 ad
1021 3091 1160 3173 religio-

211 3210 285 3255 sam
302 3190 411 3256 vitam
434 3190 645 3255 transierint.
697 3186 802 3268 Quod
826 3191 885 3273 qui
911 3189 956 3256 ad
980 3191 1159 3255 ecclesiam

211 3292 267 3355 vel
282 3291 326 3354 ad
343 3310 478 3354 crucem
499 3289 729 3371 confugerint,
745 3289 829 3353 data
845 3290 1072 3353 membrorum
1096 3291 1160 3353 im-

212 3392 382 3474 punitate,
395 3390 545 3473 justitiae
559 3390 754 3466 tradantur,
769 3388 827 3453 vel
850 3389 1052 3453 innocentes
1075 3389 1160 3453 libe·

210 3499 342 3555 rentur.
395 3486 498 3568 Quod
516 3508 734 3571 unaquaeque
746 3489 894 3552 ecclesia
908 3488 1059 3560 decimas
1079 3507 1162 3552 suas

249 3714 422 3766 ¹Peatecastee
431 3712 588 3783 celebratae]
600 3716 629 3765 S.
639 3715 673 3765 D.
700 3714 806 3776 taching
831 3714 873 3763 his
900 3712 1009 3763 tellows.
1055 3712 1081 3760 It
1107 3708 1163 3761 'vias

213 3789 265 3844 E.;
280 3788 325 3835 fiat
337 3788 511 3847 Pentecostee,
521 3787 552 3835 L.
700 3784 802 3832 blamed
820 3785 855 3844 by
871 3798 940 3832 some
956 3782 1060 3843 bishops
1078 3794 1108 3829 as
1130 3796 1163 3829 an

247 3854 260 3886 '³
279 3856 367 3905 Treuir
386 3856 457 3919 Dei]
479 3856 533 3904 'l'he
555 3860 626 3904 truce
651 3852 679 3901 of
701 3854 818 3902 occasion
835 3852 864 3901 of
877 3854 991 3915 perjury,
1007 3852 1058 3900 and
1075 3851 1165 3912 reject-

214 3928 274 3977 God
285 3941 340 3975 was
351 3928 405 3975 first
421 3926 539 3974 invented
557 3927 583 3973 in
594 3924 676 3986 Aqui·
702 3924 735 3972 ed
749 3924 784 3984 by
800 3923 843 3971 the
859 3923 987 3970 Numano
1001 3936 1031 3970 as
1048 3925 1164 3982 contrary

214 3998 267 4045 tain
287 3998 313 4044 in
330 4000 402 4045 10³2.
438 3996 529 4044 Itvvas
548 4010 575 4043 so
595 3994 676 4043 called
702 3998 727 4041 to
748 3992 815 4041 their
836 3992 980 4054 privileges.
1019 3988 1165 4056 (Ducange,

214 4066 278 4115 from
297 4066 339 4115 the
357 4078 491 4127 eugemess
507 4065 569 4113 with
593 4063 676 4113 which
703 4062 789 4112 Gloss.
818 4066 878 4111 tom.
900 4074 937 4110 vr.
960 4077 987 4123 p.
1009 4064 1163 4110 dea-68⁵.

214 4136 248 4184 its
259 4137 313 4185 first
328 4135 445 4198 proposal
456 4148 511 4183 was
517 4132 632 4183 received
643 4134 677 4193 by
704 4132 810 4181 Consult
820 4132 875 4180 aleo
886 4132 1047 4181 Robertson's
1058 4130 1166 4181 Charles

214 4206 257 4253 the
270 4205 391 4265 suffering
409 4206 500 4266 people
512 4204 540 4252 ol
548 4219 623 4265 every
635 4204 678 4251 de·
703 4203 736 4262 V,
748 4202 797 4251 vol.
810 4199 842 4263 ι.)
1174 4250 1178 4255 ,

217 4290 290 4337 gree:
302 4275 395 4337 during
406 4276 448 4324 the
459 4276 519 4322 time
531 4275 551 4321 it
557 4272 684 4335 endured,
738 4268 917 4335 'Septimi
940 4272 975 4320 D.
991 4272 1024 4320 E.
1044 4271 1091 4329 L.;
1108 4284 1168 4319 sex·

217 4360 249 4393 no
260 4360 307 4393 one
319 4345 396 4394 dared
409 4350 435 4393 to
448 4344 556 4405 infringe
568 4345 588 4392 it
598 4345 631 4403 by
643 4346 680 4391 at·
704 4346 765 4402 tam,
778 4342 806 4393 S.
