3142 5025
424 512 490 578 446
640 527 753 577 unsri
776 527 904 576 ancus
927 525 1141 576 arenosum.
1214 512 1300 595 [nra.
1321 529 1376 579 111.

425 702 472 748 ex
496 688 597 766 parte
622 682 860 765 apostolorum
883 682 1038 762 miserat,
1066 683 1237 749 bellorum
1258 686 1376 769 frago-

346 863 348 868 .
425 783 521 848 ribus
545 781 698 864 undique
723 783 943 848 condictatus
961 789 1034 848 est:
1058 783 1120 848 sed
1141 784 1213 863 ille,
1239 804 1377 870 semper

425 881 582 949 adversis
607 880 777 965 superior,
801 889 838 947 et
861 882 959 947 illum
981 889 1018 947 et
1044 889 1190 948 caeteros
1220 885 1377 969 improbe

425 987 649 1062 assurgentes
681 981 822 1048 tandem
854 981 1039 1065 oppressit.
1090 981 1274 1048 Postremo
1306 1005 1377 1050 non

426 1080 574 1146 aliorum
590 1080 735 1163 impetu,
747 1080 808 1144 sed
825 1079 1015 1148 domestico
1025 1075 1100 1144 ¹filii
1114 1081 1195 1147 odio
1211 1089 1377 1149 extrusus

425 1180 582 1262 imperio,
599 1179 830 1244 miserabilem
839 1181 923 1246 vitm
933 1181 1119 1245 terminum
1134 1181 1268 1246 babuit.
1291 1182 1378 1248 Suc·

427 1279 534 1344 cessit
562 1277 804 1344 Hildebrando
829 1279 1044 1356 Desiderius,
1074 1278 1199 1344 Victor
1223 1281 1379 1364 appella·

427 1385 508 1458 tus3
532 1377 594 1442 sed
618 1377 663 1442 ad
688 1379 836 1460 primam
857 1379 1012 1456 missam,
1029 1377 1199 1444 incertum
1219 1399 1289 1462 quo
1307 1381 1380 1445 dis-

428 1477 584 1554 crimine,
608 1477 732 1542 cecidit
760 1477 993 1555 exanimatus,
1017 1477 1127 1542 calice
1158 1476 1208 1565 (si
1235 1477 1378 1561 dignum

428 1582 483 1642 est
506 1572 663 1658 credere)
689 1594 823 1640 veneno
849 1575 991 1641 iniecto.
1043 1576 1145 1640 Tunc
1166 1578 1204 1641 in
1221 1576 1379 1643 Odonem

429 1674 618 1740 declinavit
651 1674 795 1740 electio:
828 1675 861 1740 is
888 1675 1030 1740 natione
1063 1674 1201 1752 Gallus,
1230 1676 1379 1758 primum

429 1772 612 1840 Remensis
629 1773 903 1852 archidiaconus,
914 1773 995 1839 inde
1009 1768 1379 1857 prior²Cluniacensis,

267 1892 390 1933 anna
429 1891 512 1938 mox
528 1873 711 1956 episcopus
729 1872 881 1951 Hostiae,
902 1873 1026 1938 ultimo
1049 1893 1143 1959 papa
1158 1873 1294 1953 Romae,
1309 1875 1378 1940 Ur·

428 1973 540 2037 banus
551 1978 698 2038 vocatus
712 1979 777 2038 est.

266 2086 411 2129 clames
479 2071 598 2155 §262
628 2071 812 2137 Hactenus
841 2069 1093 2154 circumvagari
1124 2072 1271 2151 licuerit,
1296 2072 1379 2138 dum

267 2139 367 2180 william.

429 2172 610 2237 occasione
633 2178 810 2253 gestorum
826 2170 995 2236 Willelmi
1014 2170 1174 2253 quaedam
1199 2191 1379 2237 succurre·

428 2273 515 2336 bant
541 2290 620 2354 quae
647 2268 946 2354 praetermittenda
974 2289 1044 2336 non
1071 2273 1259 2354 putabam:
1287 2291 1378 2338 nunc

428 2369 632 2438 familiarem
648 2370 724 2454 ejus
742 2370 862 2445 vitam,
879 2376 915 2436 et
931 2387 1045 2434 mores
1059 2370 1254 2448 interiores,
1269 2371 1380 2436 lector

429 2470 490 2554 qui
506 2470 601 2535 volet
615 2468 744 2536 audiet.
784 2467 961 2553 Inprimis,
978 2461 1059 2535 ³Dei
1073 2469 1211 2535 famulis
1228 2470 1380 2549 humilis,

430 2569 597 2653 subjectis
624 2569 748 2647 facilis,
781 2569 819 2633 in
856 2568 1002 2633 rebelles
1033 2569 1259 2635 inexorabilis
1292 2578 1379 2635 erat.
1443 2626 1447 2633 .

432 2668 651 2750 Religionem
669 2666 916 2745 Christianam,
934 2675 1102 2749 quantum
1124 2669 1289 2734 secularis
1302 2663 1382 2751 *po-

432 2774 535 2845 terat,
560 2768 612 2832 ita
642 2766 897 2851 frequentabat,
928 2774 969 2831 ut
994 2768 1148 2849 quotidie
1178 2769 1294 2833 missae
1324 2788 1382 2833 as-

430 2867 582 2945 sisteret,
595 2862 768 2949 ⁶quotidie
785 2866 1004 2948 vespertinos
1024 2874 1060 2931 et
1073 2867 1263 2932 matutinos
1284 2868 1383 2950 bym-

431 2985 496 3031 nos
514 2966 660 3031 audiret.
713 2964 943 3042 Monasteria,
959 2984 1066 3030 unum
1081 2966 1118 3031 in
1135 2964 1278 3048 Anglia,
1294 2967 1382 3032 alte·

431 3085 509 3148 rum
523 3066 561 3129 in
579 3064 811 3143 Normannia,
828 3064 1037 3131 construxit.
1089 3059 1384 3131 Primum⁶0ado=

466 3326 476 3361 ¹
491 3326 578 3401 Filii]
591 3330 626 3383 A.
640 3333 670 3383 C.
682 3331 717 3383 D.
729 3332 762 3384 Ε.
773 3332 806 3381 L.
815 3346 823 3395 ;
833 3332 896 3381 filio-
920 3334 972 3379 um
980 3329 1069 3411 fuisse.
1085 3330 1383 3418 Cadomensibusserium

431 3400 686 3534 micineae]
709 3470 742 3522 r.
760 3470 791 3523 s.
810 3472 840 3523 e.
859 3472 896 3524 o.
920 3401 1383 3531 man‘iffld‘idiavffiffl:

433 3539 458 3587 Ε
467 3543 491 3589 1.
503 3540 534 3589 L.
545 3556 553 3600 ;
569 3540 751 3603 Duniacsnsis,
761 3541 786 3589 E
795 3544 819 3591 2.
922 3537 1136 3600 conquassant
1153 3541 1251 3602 patebit
1267 3541 1334 3591 inira
1349 3560 1383 3593 ex

468 3618 478 3651 a
491 3622 563 3685 Det]
581 3622 615 3674 A·
627 3624 656 3675 S·
670 3627 704 3675 D·
715 3626 750 3677 E·
761 3625 810 3688 Μ
825 3625 897 3675 omit,
921 3608 1035 3669 ejusdem
1045 3608 1155 3658 litteris!
1170 3608 1251 3676 (Note
1261 3610 1288 3659 in
1299 3612 1383 3676 Bouq.

431 3691 474 3740 ted
486 3692 512 3740 in
526 3693 555 3742 c·
627 3714 629 3719 .
922 3689 960 3726 xl.
978 3693 1006 3739 p.
1027 3674 1096 3741 188.)
1131 3677 1185 3727 The
1204 3679 1287 3742 abbey
1303 3682 1333 3731 of
1345 3684 1383 3735 Si.

467 3773 617 3859 aaa]
641 3777 675 3830 Α·
694 3779 723 3832 ⁸·
740 3780 775 3833 1²·
794 3781 827 3831 Β·
847 3781 896 3842 ιε
921 3746 1384 3876 {retribueretur

431 3849 605 3959 Ροξθῃῃῶζο
867 3936 873 3949 ,
920 3885 1003 3935 ltwas
1015 3837 1384 3954 dedicatedisnott'rcourataie

486 3932 627 4013 QMW]
642 3935 796 3989 Gaffi-
806 3952 814 3999 i
825 3940 896 3987 ⁰¹³¹*
920 3954 1028 4004 known:
1044 3968 1112 4003 some
1131 3956 1166 4004 fix
1182 3957 1226 4005 the
1239 3959 1385 4012 dedication

429 4000 473 4050 teu
484 4016 511 4050 ¹1²
521 4001 555 4054 A.
568 4003 597 4053 S·
920 4023 1386 4089 inrora,0therrinros1,mu0r·

468 4082 479 4115 ⁸
491 4088 625 4152 creona]
637 4088 737 4151 ‘Vulgo
749 4088 829 4141 Casu.
851 4090 896 4141 Ri-
919 4093 990 4143 dario
1000 4094 1027 4143 in
1039 4097 1112 4144 1077.
1146 4094 1228 4144 There
1239 4112 1303 4161 was,
1315 4100 1386 4151 how·

430 4155 517 4205 dicule
538 4158 618 4219 igitur
641 4159 723 4208 Britto
745 4163 771 4209 et
792 4160 895 4222 quidam
920 4176 1016 4226 aveas
1029 4162 1178 4213 foundation
1188 4164 1289 4217 charter
1299 4177 1386 4232 grant-

431 4226 478 4275 alii
500 4231 600 4290 putant,
619 4227 758 4279 Cedamum
778 4229 836 4280 Caii
851 4231 897 4279 do·
919 4232 953 4281 ed
970 4234 1152 4295 subsequently
1166 4238 1192 4283 to
1211 4239 1285 4299 1066,
1300 4239 1339 4288 lor
1356 4242 1384 4291 in

432 4309 501 4345 mum
519 4309 536 4346 a
555 4296 701 4349 OaioJulio
718 4298 823 4351 Gaerars
841 4301 896 4351 dic·
918 4302 939 4351 it
949 4302 1062 4353 william
1074 4304 1153 4378 stylos
1163 4302 1267 4357 himself
1274 4308 1346 4373 king.
