3142 5025
189 550 259 601 nm.
278 536 322 619 1.]
486 552 660 603 nrsronrn
685 554 863 603 novumn.
1083 539 1150 604 695

191 708 387 774 discernere
409 712 541 795 populo
562 711 725 796 quisnam
737 726 870 776 »eorum
884 710 1017 794 justius
1040 711 1147 794 elige·

192 816 288 873 retur
303 828 325 872 a
342 810 446 875 clero.
494 810 671 877 Praevenit
682 820 800 877 tamen
816 828 899 894 pars
912 830 992 894 quoe
1006 811 1147 877 favebat

106 918 116 947 ⁸
192 906 365 990 Gregorio
390 917 431 975 ut
453 911 614 993 pontifex
636 912 821 976 ordinatus
838 917 1023 977 vocaretur
1037 910 1145 977 Inno-

191 1009 348 1073 centius:
368 1027 511 1093 sparsus
526 1017 580 1075 est
597 1012 702 1076 etiam
717 1030 836 1075 rumor
850 1008 889 1074 in
901 1010 1038 1094 plebem
1047 1012 1144 1094 quod

193 1107 306 1172 adhuc
323 1106 504 1173 Honorius
530 1110 691 1193 spiraret,
704 1116 742 1181 ,et
758 1111 810 1174 ita
829 1108 906 1175 fieri
927 1110 1143 1192 preciperet

193 1206 367 1272 Auctores
394 1207 541 1274 fuerunt
563 1209 668 1294 hujus
696 1208 924 1275 ordinationis
947 1208 1145 1275 willelmus

192 1306 433 1372 Praenestinus
478 1309 676 1392 episcopus,
709 1306 887 1373 Matheeus
906 1305 1143 1387 .Albauensis,

192 1404 375 1471 Gonrsdus
398 1406 617 1485 sabinensis,
629 1407 652 1473 J
655 1393 1049 1485 ohannes‘Hostiensie,
1075 1408 1144 1473 Pe-

191 1512 267 1570 trus
284 1502 479 1573 Gremensis
501 1506 547 1572 de
569 1508 672 1573 titulo
696 1505 1025 1588 sanctiorisogoni,
1051 1506 1143 1571 Hai-

192 1604 339 1670 merieus
364 1606 603 1671 cancellarius.
655 1604 803 1672 Atvero
832 1624 915 1690 pars
941 1606 1065 1683 altera,
1087 1626 1142 1671 se·

191 1704 291 1787 pulte
304 1702 380 1789 jam
396 1705 569 1784 Honorio,
586 1707 826 1771 annitentibus
846 1705 1014 1770 trabibus
1031 1705 1141 1785 Petri,

190 1804 473 1886 locupletissimis
486 1806 724 1871 Romanorum
739 1804 1050 1888 etpotentisu'mis,
1063 1825 1141 1869 enm

191 1902 340 1966 electum
354 1910 393 1968 et
403 1910 580 1977 sacratum
589 1905 736 1970 secavit
748 1902 975 1970 Anaoletum.
1022 1904 1141 1969 Maxi·

191 2018 269 2064 mus
285 1996 389 2085 hnju's
404 2002 633 2067 ordinationis
648 2003 807 2068 hortator
824 2010 862 2068 et
874 2009 998 2067 auctor
1015 2002 1142 2067 Petrus

192 2098 397 2164 Portuensis
413 2101 596 2185 episcopus
612 2102 679 2167 fuit
688 2123 697 2168 z
706 2101 815 2186 eujus
830 2101 1062 2185 epistolamsi
1075 2122 1141 2184 po-

188 2216 304 2275 suero,
321 2216 363 2263 es
386 2216 523 2264 omnem
546 2201 819 2267 controversiam
841 2199 987 2285 aperiet,
1001 2202 1142 2285 pronior

190 2304 308 2363 minen
323 2298 361 2363 in
376 2296 597 2365 Anaoletum.

227 2488 400 2553 nsisuonn
423 2490 530 2540 PETRI
553 2488 776 2540 Ponuunnsis
798 2490 847 2539 DE
870 2451 994 2538 nabun
1017 2488 1104 2540 CON-

377 2599 381 2604 '
567 2589 761 2640 TENTIONE.

241 2697 260 2782 §
284 2698 318 2762 5.
352 2694 506 2764 ‘Petrus'
533 2697 737 2764 Portuensis
767 2695 964 2781 episeopus,
990 2699 1141 2778 quatuor
1155 2712 1269 2764 Erictho!

190 2796 370 2879 epscops·
390 2798 566 2864 wuromo
594 2796 825 2873 prenestino,
847 2795 1005 2862 nanee
1030 2793 1140 2859 Alba·
1154 2763 1303 2854 didm

191 2895 302 2974 riensi,
338 2896 506 2964 Conrado
541 2895 736 2973 Sabinensi‚
774 2893 936 2959 Jolranni.
970 2893 1139 2959 Ostiensis

192 2993 334 3072 Quanta
359 2997 408 3061 sit
428 3007 491 3080 pro
505 2997 614 3062 uobis
638 2995 817 3063 tribulatio
842 2993 964 3058 cordis
979 2993 1058 3071 mei,
1079 2993 1139 3058 ille

190 3093 287 3158 solus
309 3097 407 3162 novit
422 3095 483 3179 qui
497 3097 627 3161 omnia·
640 3093 760 3163 novit:
784 3094 883 3160 robis
899 3110 1039 3176 qnoque
1052 3093 1139 3158 mus

190 3192 301 3258 literis
317 3196 495 3278 cognitum
510 3196 637 3260 saltem
647 3195 723 3279 jam
735 3211 784 3258 ex
799 3199 901 3276 parte
921 3191 1057 3269 fuisset,
1071 3192 1139 3256 nim·

189 3293 346 3358 ecelesiae
371 3295 543 3359 sententia
567 3300 603 3358 et
628 3292 819 3358 communis
844 3291 1036 3361 uctoritas
1057 3311 1138 3372 pro-

189 3389 333 3456 biberet.
380 3393 441 3456 -De
470 3391 767 3458 commendatione
795 3409 862 3455 seu
882 3389 1139 3471 rdnperatione

190 3499 417 3572 personarum
438 3490 629 3574 dequibus
651 3509 743 3556 nuno
768 3507 966 3554 sermonum
988 3485 1139 3552 varietas

191 3588 361 3668 agitatur,
384 3607 455 3653 non
481 3595 541 3664 est
558 3588 671 3673 nujus
688 3588 855 3672 temporis
866 3639 869 3646 .
873 3586 1033 3671 judicare
1044 3605 1061 3651 :a
1085 3593 1141 3651 est

192 3687 253 3768 qui
267 3687 599 3771 quaeratetjudioet.
619 3687 1141 3770 -Sitemenquisquempraesto
1247 3729 1258 3739 -

191 3783 297 3849 inerit
318 3803 493 3864 aocusare,
509 3793 645 3869 praesto
655 3785 847 3868 erit'etqui
861 3784 988 3848 deam
999 3802 1140 3867 respon·

136 3971 141 3975 η
188 3884 293 3966 dero;
316 3886 508 3968 praesertim
531 3901 609 3950 oum
632 3885 669 3950 in
682 3892 802 3950 vestro
820 3891 857 3949 et
871 3901 962 3961 meo,
977 3883 1083 3948 immo
1104 3882 1142 3948 in

191 3985 302 4050 totius
316 3985 471 4050 ecelesiae
486 3988 686 4068 conspectu,
702 3992 848 4068 uterque
872 3982 1049 4065 sapienter
1060 3982 1141 4046 vix·

191 4084 259 4148 erit
279 4084 486 4164 ethonesta
497 4093 534 4150 et
545 4103 625 4168 quse
641 4083 744 4149 offieii
757 4085 815 4150 sui
829 4089 931 4148 erant
942 4082 1047 4165 plena
1058 4080 1143 4145 buo-

190 4202 302 4267 usque
328 4185 525 4252 exercuerit
554 4183 726 4250 libertate.
777 4181 965 4248 Abstinere
989 4198 1054 4245 ros
1068 4200 1142 4264 :po-

193 4284 263 4348 tius
277 4285 438 4350 convenit
458 4305 490 4351 a·
501 4284 719 4352 sermonibus
736 4282 858 4348 otiosis
874 4287 910 4347 et
924 4280 1039 4347 verbis
1054 4299 1143 4365 prae·

940 4396 1021 4442 aza
