3142 5025
201 525 269 572 uro.
288 507 360 589 nu]
431 522 546 572 essm
568 523 696 572 aneon
720 523 935 572 saeuorum
1086 508 1153 571 445

201 680 294 745 unde
334 679 511 743 Henrious
548 680 738 763 imperator
768 677 1045 743 Alamannorum
1084 680 1153 745 fre·

201 799 312 863 mens,
341 780 435 862 quod
461 781 538 844 sine
567 798 633 843 sua
655 779 868 843 conscientia
894 773 1043 844 ¹eleotus
1067 778 1154 844 talia

200 886 440 961 praesumeret,
467 879 568 941 illum
598 878 656 965 (ut
684 876 850 963 praedixi)
880 886 961 961 post
993 878 1152 943 undecim

201 997 313 1043 annos
331 978 448 1042 Roma
469 978 680 1055 deturbavit,
697 977 867 1041 Guiberto
890 977 1043 1042 inducto.
1075 978 1153 1043 Nee

201 1078 313 1142 multo
327 1085 408 1160 post
421 1077 543 1142 lethali
559 1096 652 1159 papa
672 1078 793 1140 morbo
808 1078 912 1154 ictus,
926 1095 996 1159 quo
1018 1095 1056 1139 se
1077 1098 1152 1141 mo·

201 1177 349 1241 ritnrnm
373 1196 444 1241 non
472 1177 675 1257 ambigeret,
700 1183 845 1258 rogatus
866 1183 920 1241 est
948 1195 971 1239 a
995 1176 1153 1241 cardina-

202 1275 294 1339 libus
318 1283 359 1340 ut
382 1295 511 1359 papam
536 1277 775 1352 constitueret,
794 1275 889 1339 beati
913 1274 1010 1339 Petri
1032 1275 1150 1340 eriem-

200 1376 299 1457 plum
325 1376 565 1452 referentibus,
589 1376 663 1458 qui,
688 1373 850 1438 lactentis
879 1373 1033 1437 eoelesiae
1058 1376 1151 1439 rudi·

200 1475 340 1551 mentis,
361 1473 483 1538 vivens
500 1473 714 1538 Clementem
736 1472 951 1556 praefecerat.
995 1472 1151 1555 Negavit

200 1573 261 1637 ille
275 1566 330 1636 ²id
345 1591 384 1636 se
396 1574 594 1655 exemplum
607 1581 819 1648 secuturum,
833 1571 927 1652 quod
944 1571 989 1635 ab
1005 1573 1150 1654 antiquo

200 1671 358 1736 conciliis
382 1680 475 1736 esset
488 1673 657 1737 vetitum:
680 1671 861 1735 eonsilium
875 1690 958 1735 vero
976 1671 1150 1749 daturum,

198 1771 232 1835 si
245 1771 376 1836 vellent
388 1770 563 1836 bominem
583 1771 620 1833 in
641 1771 759 1835 seculo
776 1776 966 1851 potentem,
983 1770 1151 1851 eligerent

202 1870 423 1934 Desiderium
439 1871 599 1949 abbatem
610 1865 879 1946 ’cassinensem
889 1870 954 1951 qui
965 1869 1151 1934 salubriter

201 1977 238 2033 et
264 1971 301 2033 in
323 1976 480 2051 tempore
506 1990 650 2035 numero
670 1970 813 2034 militari
833 1968 1035 2033 violentiam
1062 1969 1149 2033 Gui-

201 2070 292 2133 berti
307 2068 530 2151 infiingere't;
553 2071 609 2132 sin
629 2070 902 2133 ecclesiasticum
929 2075 965 2132 et
988 2067 1152 2150 eloquen-

202 2176 285 2246 tem,
307 2169 505 2252 acciperent
521 2170 722 2252 episoopnm
738 2168 964 2232 Hostiensem
981 2166 1150 2233 Odonem;

204 2267 263 2331 Ita
287 2269 374 2332 obiit
389 2269 444 2332 vir
461 2269 554 2351 apud
571 2269 686 2333 Deum
711 2267 821 2332 felicis
846 2268 981 2347 gratiae,
998 2274 1034 2331 et
1058 2268 1151 2350 apud

201 2367 358 2431 homines
382 2369 598 2432 austeritatis
627 2368 786 2433 fortassis
812 2367 938 2429 nimiae.
990 2366 1151 2448 Denique

202 2465 312 2530 fertur
328 2467 433 2549 qnod,
453 2468 545 2532 inter
560 2487 640 2532 eum
663 2475 700 2532 et
713 2468 956 2549 imperatorem
977 2466 1079 2548 primi
1093 2473 1150 2530 tu·

204 2566 335 2630 multus
356 2565 468 2644 initio,
480 2560 597 2630 *illum
618 2567 837 2649 nudipedem,
853 2572 890 2630 et
908 2565 1055 2648 forcipes
1073 2585 1151 2630 cum

202 2666 318 2747 scopis
339 2673 549 2746 portantem,
574 2686 638 2730 nec
667 2668 773 2730 etiam
798 2664 929 2729 foribus
952 2663 1150 2746 admiserit,

203 2765 422 2828 abominatus
441 2764 615 2829 bominem
637 2760 875 2846 ⁵sacrilegnm,
897 2771 933 2828 et
957 2765 1080 2828 sororii
1100 2765 1153 2828 in·

200 2864 289 2927 cesti
301 2882 410 2927 reum.
461 2861 644 2928 Abscessit
656 2862 776 2928 Caesar
789 2862 963 2939 exclusus,
978 2863 1151 2945 repulsam

199 2963 297 3026 illam
322 2962 509 3027 multorum
533 2965 627 3027 necis
650 2982 792 3027 eausam
811 2968 1021 3045 protestans.
1070 2961 1151 3026 Sta-

194 3062 333 3143 timque
356 3079 572 3145 quacunque
597 3070 717 3145 posset
737 3061 955 3126 incommoda
981 3061 1151 3126 Romanae

202 3160 278 3224 sedi
294 3161 468 3242 infligens,
486 3182 506 3226 e
525 3162 663 3227 diverso
679 3162 834 3226 fautores
850 3180 952 3244 papae
973 3161 1008 3223 in
1031 3168 1151 3242 tyran-

202 3260 318 3322 nidem
350 3261 541 3341 excitavit3
578 3260 748 3343 siquidem
782 3260 971 3323 rebellante
1002 3260 1151 3342 quodam

204 3358 372 3436 Radulfo,
384 3359 489 3443 jussu
504 3361 615 3444 ipsius
640 3360 837 3445 apostolici,
851 3360 910 3441 qui
933 3359 965 3422 ei
987 3378 1151 3439 coronam

237 3603 245 3634 ¹
258 3602 380 3665 Electria]
398 3602 428 3651 C.
440 3600 476 3651 D.
489 3601 521 3652 E.
533 3600 565 3651 1..
575 3616 583 3661 3
593 3602 666 3650 omit·
688 3616 737 3663 any
749 3601 813 3650 kind
823 3601 853 3649 οῖ’
860 3615 971 3663 penonoe
977 3600 1063 3649 which
1070 3600 1152 3663 might

201 3672 284 3722 tedio
294 3670 371 3720 M.
688 3672 849 3733 beenjoined
858 3671 920 3721 him.
947 3671 1095 3720 Sometimes
1106 3685 1152 3719 ex·

238 3739 292 3790 'Id
308 3741 356 3805 se]
375 3742 406 3791 G.
418 3741 454 3790 D.
471 3741 505 3789 Ε.
524 3739 571 3801 1..;
588 3741 665 3804 idem,
687 3741 888 3790 communicated
916 3753 1019 3802 persons
1040 3754 1109 3788 wore
1134 3755 1151 3789 a

198 3811 234 3861 A.
247 3811 277 3861 S.
687 3811 769 3859 hulter
786 3812 864 3859 about
877 3809 943 3857 their
958 3808 1054 3868 neoks3
1069 3823 1151 3857 some·

237 3875 457 3950 ’CadmiaJ
474 3878 508 3928 Δ.
529 3879 558 3929 S.
577 3881 613 3930 D.
630 3881 664 3931 E.
687 3879 900 3941 timestheywere
907 3878 982 3926 shorn
990 3891 1019 3925 or
1026 3877 1150 3940 soonrged

201 3952 253 4011 1..;
269 3951 511 4011 Cassiorensem,G.
687 3947 1088 4010 priortoreoeivingabsolution.
1116 3949 1149 3998 V.

238 4025 249 4047 ⁴
259 4022 335 4069 illum
349 4020 502 4083 nudipedem,
519 4023 544 4066 et
555 4017 665 4082 forcipes
689 4020 816 4084 Basnage,
827 4003 896 4068 Pief.
912 4019 939 4066 in
951 4017 1092 4079 Ganisium,
1105 3999 1151 4079 pp:
1275 4061 1278 4067 .

200 4088 664 4153 eumseepisportuntm.]b1r.Sharpe
687 4093 730 4151 6⁹,
740 4093 783 4138 ⁷0.

200 4162 321 4210 observes
328 4161 384 4208 tbut
393 4159 444 4208 this
452 4172 534 4207 seem
545 4159 665 4206 intended

199 4236 227 4279 to
246 4231 337 4279 denote
358 4229 399 4277 bis
421 4228 535 4277 absolute
557 4228 666 4276 submis-
723 4223 920 4288 ‘Sacrilegam.]
932 4224 965 4282 A.
975 4226 1004 4275 S.
1015 4227 1046 4275 G.
1058 4226 1090 4275 Ε.
1100 4225 1149 4284 L.;

202 4302 269 4365 sion,
278 4301 330 4350 and
340 4299 498 4360 willingnes·
507 4302 534 4346 to
551 4297 665 4359 undergo
688 4296 840 4358 sacrilegum
851 4294 1027 4359 atterebatur,
1037 4296 1073 4346 D.
