3142 5025
216 510 287 560 ιιι.
306 496 378 576 ιιι.]
452 513 566 580 onsrn
590 515 718 564 aucun
740 517 955 568 Aucaoauu.
1107 507 1173 571 453

217 672 338 754 repsit,
355 681 395 738 ut
412 674 505 757 quod
528 674 681 739 febribus
705 683 780 740 erat
802 676 971 758 reliquum
994 677 1072 758 ipsa
1092 697 1169 742 cor·

206 773 354 860 'riperet

269 873 387 955 §ava
413 872 548 940 Praeter
571 881 716 940 caeteras
741 876 903 952 virtutes,
930 877 1104 958 praecipue
1129 877 1323 956 intimarent

217 972 330 1052 prima
354 973 588 1038 adolescentia
611 976 808 1049 castitatem
834 977 1005 1057 suspexit,
1026 976 1063 1038 in
1089 945 1312 1040 tan-ffi'f'*

216 1077 291 1134 turn
317 1080 357 1137 ut
381 1074 518 1154 publice
539 1083 712 1139 sereretur
736 1074 822 1138 nihil
842 1074 940 1138 illum
961 1077 998 1138 in
1023 1074 1165 1140 ioemina

215 1190 338 1252 posse3
361 1181 601 1251 veruntamen,
618 1193 663 1238 ex
688 1193 869 1256 procerum
894 1175 1067 1238 sententia
1088 1195 1163 1239 ma·

215 1271 378 1336 trimonio
395 1273 566 1351 addictus,
582 1275 634 1338 ita
657 1292 694 1337 se
720 1275 801 1356 egit,
816 1281 856 1337 ut
882 1274 1038 1356 pluribus
1061 1276 1163 1338 annis

215 1370 344 1434 nullius
369 1375 487 1454 probri
521 1374 717 1456 suspicione
746 1379 937 1438 notaretur.
996 1373 1096 1438 Tulit
1117 1394 1162 1438 ex

215 1467 363 1535 Matilde
379 1472 507 1537 liberos
524 1473 665 1551 multos,
683 1492 774 1556 quae,
792 1479 828 1536 ct
844 1472 969 1538 marito
989 1475 1162 1556 morigera

211 1575 249 1632 et
279 1571 377 1652 prole
409 1572 583 1650 foeounda,
615 1572 742 1638 nobilis
767 1572 834 1637 viri
861 1573 1014 1636 animum
1041 1573 1075 1636 in
1106 1575 1162 1636 sui

212 1671 340 1734 amoris
356 1671 526 1736 incitabat
541 1673 718 1737 aculeum:
742 1691 943 1755 quanquam
959 1692 1029 1736 non
1046 1672 1161 1738 desint

211 1769 271 1851 qui
288 1772 458 1852 ganniant
473 1791 550 1836 eum
576 1772 756 1837 coelibatui
772 1773 918 1854 antiquo
939 1774 1161 1837 renunciasse

210 1887 289 1933 cum
315 1872 412 1951 regia
436 1879 592 1954 potestas
618 1872 839 1948 accrevisset,
864 1872 1059 1937 volutatum
1081 1892 1161 1962 cum

210 1967 390 2051 cujusdam
423 1972 617 2055 presbyteri
644 1972 727 2049 iilia,
755 1990 861 2054 quam
885 1992 948 2053 per
974 1971 1160 2036 satellitem

211 2068 347 2133 succiso
369 2071 501 2154 poplite
529 2071 687 2136 Matildis
715 2070 916 2150 sustulerit3
947 2079 1161 2154 quapropter

208 2165 307 2230 illurn
325 2169 596 2248 exhaeredatum,
617 2171 714 2235 illam
731 2171 776 2234 ad
792 2177 938 2234 mortem
953 2171 1063 2235 fraeno
1079 2173 1160 2254 equi

209 2285 347 2331 caesam.
400 2262 486 2334 ¹Sed
502 2271 577 2334 haec
593 2271 636 2334 de
653 2277 754 2335 tanto
771 2289 853 2352 rege
864 2270 1003 2334 credere
1019 2270 1158 2334 demen-

209 2366 268 2430 tiae
299 2368 456 2449 ascrib03
495 2370 561 2436 hoc
588 2377 790 2435 constanter
818 2388 1034 2447 asseverans,
1065 2370 1158 2451 quod

210 2465 428 2549 aliquantula
453 2469 611 2535 simultas
637 2472 728 2535 inter
759 2488 819 2535 eos
846 2469 967 2533 innata
991 2469 1157 2535 extremis

211 2569 312 2631 annis
334 2568 439 2634 fuerit
460 2591 524 2652 pro
550 2570 707 2635 Roberto
737 2570 821 2646 filio,
846 2570 902 2634 cui
929 2576 1041 2635 mater
1066 2570 1157 2633 mili·

209 2672 320 2729 tarem
344 2687 485 2734 manum
506 2690 551 2734 ex
573 2670 648 2734 fisci
668 2670 861 2734 redditibus
886 2668 1043 2734 sufficere
1065 2668 1156 2733 dice-

207 2766 330 2831 batur:
353 2788 473 2832 verum
489 2776 631 2853 propter
645 2770 709 2834 hoc
722 2769 808 2833 nihil
824 2769 1020 2853 conjugalis
1032 2769 1157 2850 gratiae

208 2864 415 2931 diminutum
429 2869 504 2952 ipse
521 2869 684 2946 ostendit,
700 2869 782 2933 dum
797 2875 948 2951 quatuor
961 2870 1061 2931 annis
1074 2877 1156 2933 ante
1168 2884 1223 2924 al>-
1234 2885 1290 2925 1⁰⁸³·

209 2982 247 3028 se
271 2966 481 3045 defunctam,
508 2976 544 3032 et
570 2968 920 3051 magnificentissimis
940 2967 1072 3033 inferiis
1095 2987 1156 3031 ex·
1259 3043 1262 3046 ¹

208 3064 302 3142 tulit,
317 3074 364 3145 et,
382 3067 568 3151 lachrymis
585 3089 647 3151 per
662 3068 791 3133 multos
815 3068 889 3131 dics
909 3068 1056 3132 ubertim
1074 3086 1155 3149 pro-

207 3171 360 3243 secutus,
374 3168 510 3231 amissae
528 3168 732 3232 charitatem
746 3168 1005 3245 desideraverit,
1020 3168 1105 3250 quin
1119 3176 1155 3233 ct

206 3282 251 3326 ex
278 3284 320 3328 eo
345 3272 511 3350 tempore,
536 3268 566 3330 si
590 3267 773 3345 credimus,
798 3267 843 3331 ab
868 3268 960 3331 omni
976 3266 1155 3350 voluptate

206 3362 364 3429 descivit.
415 3360 579 3449 ²Sepulta
604 3374 658 3431 est
686 3367 808 3449 regina
832 3365 995 3431 Cadomis
1021 3367 1058 3429 in
1083 3386 1155 3431 mo-

243 3537 250 3566 ¹
269 3541 319 3590 Sed
329 3542 380 3591 hoec
398 3542 562 3606 ...anthad
581 3544 667 3593 ‘Stul-
691 3543 867 3605 Cadomensis,
876 3543 972 3592 ibidem
982 3543 1097 3592 ediditin
1109 3540 1154 3593 8⁰!

205 3615 259 3659 tum
270 3611 349 3673 igitur
367 3627 397 3662 ac
414 3613 514 3661 omnino
524 3604 669 3669 fabulosum
690 3613 771 3680 (Note
781 3615 809 3661 in
820 3614 903 3674 Bouq.
914 3626 951 3662 11.
962 3629 989 3675 p.
1002 3609 1072 3676 188.)

206 3680 255 3729 hac
271 3680 298 3729 in
313 3686 385 3743 parte
403 3686 442 3731 est
452 3682 585 3732 chronicon
602 3684 667 3733 Nor-

206 3752 326 3813 manniae,
336 3752 398 3801 dum
415 3753 443 3801 id
460 3754 564 3802 monstri
575 3752 632 3815 fert,
642 3758 668 3802 et
726 3750 858 3815 'Sepelit
878 3755 915 3799 ert
935 3751 1023 3813 mmm
1040 3752 1154 3800 chomia

187 3819 271 3869 illud
292 3822 377 3881 ipsum
404 3826 491 3871 conha
518 3822 667 3885 scriptorum
691 3820 873 3871 sumamma
888 3825 979 3870 macta
995 3816 1150 3889 Trinitatis]

206 3889 344 3950 aequalium
366 3893 539 3941 auctoritatem
566 3892 669 3942 exhibet
692 3892 802 3941 Matilda
826 3890 887 3939 died
914 3890 964 3938 ind
987 3890 1054 3939 Nov.
1078 3894 1151 3940 108⁸.

205 3963 326 4020 tanquam
354 3962 512 4011 occasionem
540 3967 668 4011 constanc-
691 3962 741 4011 She
760 3959 919 4022 hequeathed
936 3964 963 4008 to
981 3959 1032 4008 thia
1053 3974 1152 4009 monas-

206 4029 283 4078 tionis
310 4030 418 4079 duarum
440 4031 546 4081 Cadomi
572 4033 669 4081 abbati·
691 4031 803 4093 tcryher
821 4034 1033 4091 crown,seeptre,
1046 4029 1097 4078 and
1114 4045 1153 4079 or·

206 4112 288 4148 arum.
313 4101 379 4150 Vide
401 4101 555 4165 apologiam
571 4103 669 4151 Willel·
692 4106 806 4151 nements
816 4100 845 4149 οἱ
853 4105 926 4150 state.
961 4101 987 4148 A
998 4099 1100 4161 coppos
1107 4101 1153 4149 her

206 4168 252 4229 mi,
271 4183 346 4229 quem
366 4170 483 4219 dominus
498 4175 583 4220 noster
601 4172 669 4221 Mat·
692 4171 747 4220 will
763 4185 822 4231 may
832 4171 864 4220 be
883 4184 943 4219 scen
960 4170 988 4218 in
1004 4170 1047 4218 the
1065 4170 1154 4221 Essais

205 4238 290 4287 thaeus
309 4239 342 4289 de
353 4239 379 4289 la
390 4240 491 4303 Dangie
502 4242 534 4290 de
545 4240 670 4303 Reuehie,
693 4241 866 4301 Historiques,
881 4241 917 4301 by
932 4240 975 4289 the
986 4239 1061 4289 abbe
1077 4241 1110 4289 dc
1128 4241 1155 4290 la

204 4308 352 4359 cellerarius
370 4311 481 4359 abhatiae
502 4311 529 4361 S.
547 4311 668 4373 Stephani
692 4312 758 4372 Rue,
769 4315 829 4359 tom.
845 4322 873 4359 ιι.
891 4324 917 4370 p.
929 4313 988 4359 lav.

940 4383 1003 4447 211
