3142 5025
425 461 493 525 750
712 476 887 525 ursrorus
909 476 1088 525 novusne.
1218 462 1308 545 [mn.
1324 479 1380 525 111.

402 713 406 719 ⁴
427 652 569 717 possum
582 631 696 697 dicere
718 633 873 697 fomitem
889 632 1041 697 omniurn
1056 632 1226 697 malorum
1240 652 1378 697 rursum

420 734 465 799 ‚in
478 731 611 814 Anglia
622 732 749 797 fuisse:
772 732 866 814 quod
883 726 1066 814 ¹quatinus
1081 732 1256 809 acciderit,
1270 752 1377 814 expe·

428 832 533 895 diam.
584 830 750 896 Habebat
763 851 827 895 rex
841 831 1050 913 Stephanus,
1073 831 1299 894 Eustachium
1313 848 1377 895 no·

382 940 386 949 ’
428 930 534 1006 mine,
548 948 594 993 ex
609 929 681 993 filia
694 930 875 994 Eustachii
890 931 1025 993 comitis
1041 930 1283 1007 Bononiensis,
1299 948 1379 993 sus·

429 1035 569 1110 ceptum
592 1028 714 1093 tilium.
766 1028 848 1093 Rex
872 1030 963 1093 enim
988 1027 1175 1106 Henrious,
1192 1035 1293 1110 pater
1313 1030 1379 1091 im·

429 1127 624 1209 peratricis,
644 1125 704 1213 (ut
728 1126 835 1191 altius
857 1134 1023 1209 repetam,
1046 1147 1089 1191 ne
1113 1128 1243 1191 veritas
1264 1134 1379 1209 gesto-

430 1245 506 1289 rum
521 1226 629 1289 lateat
641 1223 830 1311 posteros)
844 1246 996 1291 sororem
1011 1226 1131 1291 uxoris
1150 1246 1236 1302 suae,
1256 1227 1378 1290 matris

430 1324 532 1388 istius
545 1324 706 1401 dominae,
723 1324 874 1389 Mariam
899 1326 1049 1402 nomine,
1072 1333 1219 1407 nuptum
1235 1324 1379 1388 dederat

430 1423 598 1505 proedicto
618 1424 749 1500 comiti,
762 1424 856 1505 quod
880 1432 974 1489 esset
993 1425 1023 1487 is
1038 1431 1074 1487 et
1089 1424 1213 1506 amplis
1237 1423 1380 1506 majori-

431 1523 496 1586 bus
509 1530 619 1600 ortus,
631 1523 801 1603 simulque
816 1522 1001 1604 prudentia
1017 1531 1053 1586 et
1060 1522 1263 1587 fortitudine
1271 1522 1381 1605 juxta

430 1621 590 1701 insignis.
641 1620 698 1685 Ex
715 1620 831 1683 Maria
852 1621 1061 1687 Eustachius
1085 1622 1169 1685 nibil
1192 1621 1379 1685 liberorum

432 1719 514 1783 tulit
535 1725 663 1800 praeter
688 1718 795 1782 filiam
822 1719 1004 1785 Matildem
1027 1720 1210 1784 vocabulo.
1262 1718 1381 1797 Hane,

431 1824 532 1899 patre
545 1816 721 1895 defuncto,
736 1818 889 1882 nubilem
903 1819 994 1883 idem
1017 1818 1380 1900 magnificentissimus

432 1936 496 1979 rex
521 1915 700 1998 Stephano
724 1918 844 1998 nepoti
864 1918 1020 1998 legitimo
1033 1918 1253 1982 matrimonio
1272 1937 1381 1999 copu-

431 2014 531 2091 lavit,
549 2022 586 2079 et
607 2016 738 2096 pariter
758 2015 1013 2079 Bononiensem
1035 2018 1237 2080 comitatum
1260 2016 1382 2079 indus·

433 2114 499 2177 trie
510 2114 717 2195 aequisivit3
733 2133 814 2176 nam
827 2122 932 2179 antea
947 2115 1222 2179 Moritoliensem
1237 2116 1273 2178 in
1288 2114 1381 2179 Nor-

425 2214 573 2293 .mannia
595 2231 642 2276 ex
664 2231 728 2276 suo
749 2212 903 2278 dederat.
955 2212 1035 2277 Hos
1054 2215 1240 2277 comitatus
1260 2216 1381 2295 nepoti

433 2329 497 2374 suo
513 2331 615 2394 quem
631 2312 819 2387 nominavi,
837 2311 1039 2388 Eustochio,
1053 2312 1191 2393 legatus
1199 2311 1279 2395 jure
1293 2313 1382 2376 dan·

434 2409 497 2473 dos
519 2410 755 2473 destinaverat
772 2410 856 2473 dum
879 2418 979 2492 pater
1002 2411 1218 2492 inceptione
1246 2417 1382 2475 tenere-

425 2515 512 2588 rur,
535 2509 752 2591 imperatrice
774 2528 916 2593 prorsus
936 2511 1121 2587 abnuente,
1144 2510 1313 2575 incertum
1335 2531 1383 2576 an

433 2607 512 2671 aliis
538 2609 643 2671 etiarn
665 2608 900 2689 promittente.
957 2609 1039 2687 Qua
1070 2609 1128 2672 ille
1153 2609 1305 2673 offensus
1327 2608 1383 2672 in-

427 2705 536 2789 juria,
555 2706 673 2769 multis
695 2706 817 2770 diebus
840 2708 885 2769 ab
908 2707 984 2790 ejus
1009 2708 1178 2772 abstinuit
1202 2708 1309 2784 curia,
1332 2716 1381 2786 et,

428 2806 593 2887 ,quamvis
612 2824 707 2887 saepe
728 2812 961 2883 revocaretur,
985 2825 1113 2888 negare
1134 2809 1380 2888 perseveravit

435 2903 577 2966 Interea
609 2902 778 2967 familiare
807 2903 900 2986 apud
928 2903 1115 2970 Geldeiord
1143 2925 1223 2970 curn
1249 2907 1382 2986 regina,

434 3001 551 3064 fratris
567 3020 689 3076 uxore,
705 3001 915 3084 colloquium
937 3003 1070 3080 habuit,
1086 3003 1231 3086 ejusque
1244 3005 1382 3087 lachry-

434 3100 499 3162 mis
528 3106 563 3162 et
593 3099 831 3164 satisfactione
866 3101 1034 3166 infractus
1066 3103 1111 3168 ad
1142 3103 1381 3168 liberationem

432 3199 590 3280 germani
616 3199 767 3262 animum
793 3200 962 3279 intendit3
1003 3219 1121 3264 omnes
1149 3203 1254 3266 etiam
1286 3202 1381 3266 illius

434 3298 543 3380 partis
559 3316 646 3380 quos
657 3298 693 3360 in
711 3298 857 3362 concilio
873 3301 1246 3378 excommunicaverat,
1262 3299 1382 3364 incon-

433 3397 536 3461 sultis
564 3397 749 3478 episcopis,
777 3389 949 3461 absolvit.⁸
1006 3398 1221 3464 Ferebantur
1253 3406 1288 3462 et
1318 3420 1382 3482 per

433 3492 598 3575 Angliam
632 3495 708 3579 ejus
737 3496 774 3559 in
798 3496 1051 3576 imperatricem
1076 3498 1247 3578 querelae:
1287 3499 1382 3581 quod

434 3612 512 3656 eum
533 3613 657 3675 capere
668 3595 837 3673 voluerit3
861 3594 954 3676 quod
971 3596 1134 3677 quicquid
1150 3597 1181 3658 ei
1200 3597 1383 3679 juraverat

433 3712 498 3773 pro
511 3692 620 3756 nihilo
635 3692 815 3771 habuerit3
834 3712 952 3756 omnes
966 3695 1112 3758 barones
1123 3693 1263 3774 Angliae
1280 3696 1383 3760 fidem

433 3810 533 3854 suam
549 3792 641 3855 circa
663 3810 741 3854 eam
758 3791 932 3873 implesse,
955 3792 1016 3856 sed
1043 3793 1155 3874 ipsam
1181 3800 1383 3874 temerasse,

434 3909 513 3970 quae
528 3889 708 3972 acquisitis
723 3889 775 3954 uti
789 3891 943 3954 modeste
957 3891 1118 3956 nesciret.

431 4234 433 4237 ·
644 4200 652 4232 ¹
664 4197 812 4271 Quotam]
835 4204 867 4252 Ε.
878 4216 885 4265 ;
904 4194 1022 4266 qualiter,
1034 4205 1062 4254 S.
1071 4204 1106 4254 D.
1119 4205 1171 4253 La.
