3142 5025
437 497 503 564 658
658 514 773 564 unsri
797 515 924 562 aneon
947 513 1162 562 succorum.
1254 498 1343 580 [nro.
1359 513 1392 558 v.

276 691 396 730 conteror
437 677 649 734 tecessorum
676 689 819 734 suorum
849 689 1055 752 recuperare
1081 677 1118 733 et
1143 675 1262 733 tencre
1278 669 1389 752 adju-

276 742 409 832 illeille
438 771 540 848 vabo,
562 772 654 836 bona
675 771 754 846 fide,
770 771 846 833 sine
864 769 985 834 fraude
1000 775 1035 832 et
1050 769 1142 832 malo
1164 768 1327 850 ingenio:
1351 776 1388 834 ct

277 841 342 892 Μ
350 853 394 883 ‘⁹⁰'
436 868 575 934 domino
606 889 708 952 pepae
735 868 899 933 Paschuli
924 860 1223 945 obediam,'salvo
1255 867 1387 933 honore
1435 903 1444 914 ·

437 969 536 1050 regni
558 976 594 1033 et
614 968 760 1052 imperii,
777 969 870 1032 sicut
891 967 1053 1032 catholici
1077 968 1306 1049 imperatores
1328 986 1387 1032 ca·

437 1067 576 1132 tholicis
599 1069 820 1149 pontificibus
837 1067 1031 1132 Romanis!
1082 1067 1129 1131 Et
1149 1067 1210 1131 isti
1231 1074 1315 1131 sunt
1326 1067 1387 1150 ju-

437 1174 571 1231 ratores
596 1187 641 1231 ex
669 1175 767 1250 parte
788 1167 899 1250 ipsius
921 1167 1035 1248 regis:
1067 1166 1264 1230 Fridericus
1281 1165 1386 1232 Golo-

437 1267 567 1331 niensis
590 1267 884 1351 archiepiscopus,
907 1264 1138 1330 Godebardus
1163 1265 1386 1330 Tridentinus

438 1366 634 1449 episcopus,
661 1367 781 1432 Bruno
796 1365 968 1448 Spirensis
985 1366 1181 1448 episcopus,
1206 1365 1385 1447 Berenga·

436 1466 509 1530 rius
536 1485 663 1542 comes,
687 1465 856 1530 Albertns
871 1465 1121 1541 cancellarius,
1149 1464 1386 1528 Herimannus

437 1583 565 1642 comes,
590 1565 788 1630 Fridericus
815 1584 931 1629 comes
956 1565 1144 1647 palatinus,
1175 1563 1385 1629 Boncfacius

437 1664 604 1741 marchio,
622 1661 789 1728 Albertus
812 1683 927 1730 comes
949 1663 992 1728 de
1015 1664 1237 1740 Blandriaco,
1263 1663 1384 1728 Fride-

437 1763 530 1828 ricus
551 1782 680 1842 comcs,
697 1762 905 1829 Godefricus
926 1781 1053 1840 comcs,
1067 1762 1273 1828 Wamcrius
1294 1782 1387 1827 mar·

437 1861 525 1927 chio.

274 1980 404 2070 ffiffi'
490 1960 508 2044 §
535 1960 612 2026 423.
641 1960 722 2026 Hac
746 1961 976 2027 conventione
998 1960 1151 2045 expleta,
1178 1968 1215 2025 et
1240 1960 1387 2043 praedic·

273 2068 553 2126 emronormtorum
586 2062 828 2144 episcoporum
853 2068 890 2125 ct
914 2060 1142 2125 cardinalium
1167 2068 1386 2128 sacramento

275 2141 396 2280 ffiffih
438 2161 653 2238 confirmata,
670 2161 791 2226 osculo
807 2161 971 2243 utrinque
992 2160 1087 2236 dato,
1109 2159 1268 2224 dominus
1293 2179 1386 2243 papa

148 2289 152 2298 ·
277 2281 333 2321 nn.
343 2283 399 2322 1111.
438 2267 563 2343 quarto
587 2261 667 2324 idus
682 2259 826 2344 Aprilis,
850 2261 1036 2325 Dominica
1061 2258 1173 2338 Quasi
1197 2259 1301 2324 modo
1323 2280 1384 2341 gc·

438 2359 516 2437 niti,
529 2359 671 2424 missam
685 2360 874 2424 celebravit
888 2380 898 2439 ;
921 2359 958 2422 in
973 2377 1055 2441 qua,
1071 2364 1153 2441 post
1170 2359 1382 2424 communio·

437 2478 515 2525 nem
531 2479 631 2525 suam
649 2468 685 2525 et
695 2459 930 2525 ministrorum
943 2458 1077 2535 altaris,
1091 2459 1294 2543 imperatori
1310 2479 1383 2525 cor·

435 2579 502 2641 pus
525 2567 561 2624 ct
582 2560 785 2642 sanguinem
804 2554 963 2624 ¹Domini
982 2558 1078 2624 dedit
1103 2559 1141 2622 in
1165 2559 1240 2623 haec
1257 2560 1382 2625 verba:
1403 2587 1411 2596 ·

436 2658 540 2723 ‘Hoc
555 2660 776 2724 Dominicum
791 2677 930 2741 corpus,
948 2658 1040 2741 quod
1056 2666 1280 2723 sacrosancto
1289 2666 1385 2723 tenet

436 2758 594 2838 ecclesia,
619 2766 739 2823 natum
765 2778 812 2823 ex
834 2757 951 2823 Maria
972 2758 1119 2840 virgine,
1147 2758 1319 2823 clevatum
1345 2760 1383 2823 in

436 2877 537 2923 cruce
559 2878 623 2941 pro
650 2857 887 2940 redemptione
914 2856 1055 2930 humani
1083 2858 1234 2939 generis,
1259 2857 1382 2922 damus

436 2957 500 3021 tibi
521 2956 588 3044 (fili
609 2954 827 3042 charissime)
843 2957 880 3019 in
901 2957 1137 3020 remissionem
1161 2964 1383 3040 pcccatorum

436 3063 587 3131 tuorum,
603 3064 639 3120 et
654 3057 692 3121 iu
706 3056 1005 3121 conservationem
1025 3056 1271 3120 confirmandae
1287 3058 1384 3141 pacis

436 3162 472 3219 ct
484 3175 577 3220 verce
589 3156 752 3221 amicitiae
769 3156 859 3220 inter
876 3175 931 3219 me
953 3162 989 3219 et
1001 3162 1049 3232 te,
1062 3162 1099 3220 et
1114 3176 1259 3238 regnum
1275 3164 1311 3221 ct
1326 3176 1383 3221 sa-

435 3254 649 3321 cerdotium!
699 3252 823 3321 Altero
838 3274 921 3320 vcro
942 3255 999 3319 die
1022 3256 1235 3338 apostolicus
1257 3263 1294 3321 et
1318 3277 1382 3321 rex

434 3346 498 3418 'ad
512 3355 690 3421 columnas
706 3374 785 3439 quoe
801 3355 935 3419 suntin
950 3354 1295 3436 soroconvenerrmt3
1313 3355 1384 3421 dis-

318 3538 324 3548 ·
434 3454 557 3537 positis
572 3455 742 3539 praesidiis
758 3456 981 3519 loricatorum
997 3454 1192 3537 ubicunque
1201 3454 1385 3521 videbatur

434 3574 522 3637 opus
545 3574 633 3632 esse,
648 3575 692 3619 nc
706 3554 931 3637 impediretur
943 3554 1037 3636 regis
1059 3555 1282 3619 consecratio.
1335 3556 1383 3619 Et

433 3652 469 3717 in
487 3651 668 3737 Argentea
684 3654 796 3719 Porta
815 3660 974 3737 receptus
991 3660 1045 3719 est
1060 3673 1123 3717 rex
1140 3655 1185 3717 ab
1198 3655 1382 3737 episcopis,

433 3760 469 3817 et
484 3754 729 3832 cardinalibus,
744 3762 781 3819 ct
798 3761 874 3818 toto
899 3753 992 3817 clero
1009 3752 1190 3833 Roman03
1213 3762 1250 3818 ct
1266 3762 1384 3837 coepta

433 3854 590 3918 oratione
615 3874 693 3938 queo
726 3855 764 3919 in
794 3853 913 3917 ordine
937 3854 1136 3917 continetur
1157 3854 1202 3917 ab
1228 3853 1382 3918 Ostiensi

433 3953 607 4037 episcopo,
629 3954 794 4037 quoniam
808 3950 969 4016 Albanus
986 3951 1117 4030 deerat,
1140 3971 1163 4015 a
1184 3972 1254 4036 quo
1276 3953 1383 4017 debu-

467 4178 611 4246 mamae]
635 4182 668 4233 Α.
687 4184 715 4235 a.
738 4186 766 4236 c.
786 4186 821 4237 o.
837 4187 895 4237 nn.
957 4156 1027 4209 'M
1045 4163 1187 4243 edum]
1206 4163 1340 4224 Suioosed
1359 4168 1385 4212 to

431 4251 501 4313 ιη
517 4253 620 4303 omitted
632 4254 658 4303 in
671 4256 725 4305 ΕΙ.
921 4230 952 4279 be
971 4230 1014 4279 the
1030 4232 1234 4281 romaniolae
1250 4234 1343 4295 temple
1359 4231 1389 4282 oi

919 4300 1023 4362 Jupiter
1033 4301 1126 4353 Stator.
