3142 5025
418 511 485 576 462
630 526 743 574 ansus
768 526 895 574 snouu
919 526 1135 576 nucnoauu,
1213 512 1301 594 [ure.
1317 527 1373 574 111.

419 682 619 746 memoriam
638 681 773 763 ingenti
794 681 956 764 congerie
975 683 1112 764 argenti
1127 689 1164 748 et
1186 683 1274 761 auri,
1291 701 1371 746 cum

419 800 632 864 gemmarum
649 782 738 860 luce,
751 782 937 865 conspicue
951 782 1148 848 adornavit.

739 973 786 1020 nu
810 973 1055 1021 BERENGARIO.

360 1113 373 1141 0
470 1080 488 1165 ᾗ
510 1080 588 1145 284.
613 1079 696 1144 Fuit
722 1080 790 1146 hoc
813 1089 968 1164 tempore
990 1079 1235 1163 Berengarius,
1258 1080 1370 1147 Turo-

277 1163 325 1192 ⁰¹‘¹¹
341 1163 371 1192 '¹'
419 1181 535 1244 nensis
551 1180 795 1258 haeresiarcha,
810 1181 871 1264 qui
887 1201 1013 1264 panem
1025 1188 1062 1245 et
1078 1181 1197 1245 vinum
1211 1181 1249 1244 in
1265 1181 1370 1246 altari

418 1281 592 1364 apposita,
616 1287 697 1363 post
715 1282 1010 1346 consecrationem
1031 1280 1234 1357 sacerdotis,
1249 1301 1369 1346 verum

418 1386 454 1444 et
477 1380 707 1446 substantiale
728 1400 855 1464 corpus
877 1381 1020 1445 Domini
1039 1379 1147 1467 (sicut
1168 1387 1291 1444 sancta
1311 1400 1368 1444 ec·

418 1479 524 1544 clesia
553 1477 737 1564 praedicat)
760 1499 837 1544 esse
861 1480 1069 1563 denegabat.
1119 1479 1270 1563 Jamque
1292 1498 1369 1544 sca·

419 1580 516 1644 tebet
545 1581 658 1644 omnis
690 1578 809 1644 Gallia
837 1580 914 1664 ejus
949 1580 1118 1656 doctrina,
1148 1598 1211 1662 per
1239 1598 1368 1660 egenos

417 1678 592 1744 scholares
606 1677 711 1765 (quos
726 1680 802 1763 ipse
817 1679 1020 1762 quotidiana
1034 1681 1125 1762 stipe
1140 1674 1368 1763 sollicitabat)

418 1778 652 1844 disseminata.
705 1779 808 1844 Unde
830 1779 998 1844 soliditati
1023 1779 1204 1843 catholicae
1230 1779 1367 1857 timens,

418 1871 561 1942 ¹sanotaa
575 1879 749 1942 memoriae
767 1879 841 1944 Leo
853 1898 959 1962 papa,
967 1879 1138 1944 Vercellis
1154 1884 1277 1942 contra
1289 1897 1368 1942 eum

417 1978 578 2043 instituto
594 1978 752 2056 concilio,
766 1980 927 2042 tenebras
945 1979 1103 2043 nebulosi
1117 1978 1242 2042 erroris
1264 1996 1369 2042 evan·

417 2078 605 2160 gelicorum
634 2079 909 2143 testimoniorum
937 2078 1076 2161 fulgure
1111 2077 1267 2160 depulit;
1306 2076 1368 2140 sed

417 2197 496 2241 curn
519 2185 600 2261 post
614 2178 746 2242 obitum
768 2178 845 2262 ejus
861 2179 957 2242 virus
978 2177 1162 2255 haereseos,
1177 2177 1238 2240 diu
1261 2177 1298 2240 iu
1320 2178 1368 2240 si·

417 2277 519 2342 nibus
546 2277 763 2360 quorundam
788 2278 997 2343 nebulonum
1026 2277 1216 2354 confotum,
1242 2277 1368 2340 iterum

418 2383 623 2461 erumperet,
638 2377 899 2442 Hildebrandus
912 2397 991 2442 curn
1005 2376 1266 2441 archidiaconus
1277 2383 1371 2441 esset

418 2477 582 2556 Turonis,
612 2497 695 2542 mox
725 2497 819 2562 papa
845 2477 980 2556 Romae,
1011 2477 1173 2542 adunatis
1202 2477 1368 2554 conciliis,

418 2578 614 2642 convictum
636 2577 681 2641 ad
703 2577 876 2659 dogmatis
891 2578 947 2641 sui
972 2577 1158 2641 anathemo
1182 2577 1367 2659 compulit:

418 2696 498 2758 quae
524 2678 654 2760 scripta
679 2677 751 2739 suis
780 2676 878 2754 locis,
907 2677 967 2758 qui
993 2676 1177 2753 desiderat,
1202 2676 1368 2740 inveniet.

419 2774 690 2859 Responderunt
711 2776 744 2839 ei
763 2769 878 2840 ²libris
895 2775 1111 2841 Lanlrancus
1138 2774 1367 2858 archiepisco-

418 2895 495 2958 pus,
518 2876 578 2940 sed
599 2876 773 2959 praecipue
797 2884 832 2940 et
856 2875 992 2940 fortiter
1016 2874 1249 2952 Guimundus,
1272 2876 1368 2957 prius

418 2975 607 3040 monachus
618 2976 660 3040 de
676 2983 798 3040 sancto
812 2974 983 3040 Leufredo
995 2974 1232 3051 Normanniae,
1246 2982 1369 3057 postea

418 3075 600 3158 episcopus
611 3073 814 3139 Aversanus
824 3072 975 3157 Apuliae,
990 3076 1101 3139 nostri
1114 3074 1279 3158 temporis
1296 3073 1368 3139 elo·

326 3176 332 3187 ⁸
418 3175 675 3256 quentissimus.
726 3174 851 3251 Porro,
869 3174 951 3238 licet
965 3174 1198 3257 Berengarius
1220 3175 1367 3256 primum

417 3274 567 3337 calorem
591 3274 789 3357 juventutis
818 3273 1012 3355 aliquarum
1039 3273 1223 3337 haeresium
1250 3273 1367 3337 desen-

417 3374 514 3438 sione
529 3372 760 3451 infamaverit,
779 3392 856 3437 aevo
882 3374 1072 3438 austeriore
1094 3374 1145 3437 ita
1167 3374 1313 3455 resipuit
1328 3380 1367 3439 ut

418 3473 493 3537 sine
509 3473 754 3537 retractatione
770 3493 793 3537 a
808 3473 1014 3556 quibusdam
1027 3479 1170 3537 sanctus
1184 3472 1365 3551 habeatur,

417 3573 605 3636 innumeris
629 3574 740 3650 bouis,
764 3574 984 3655 maximeque
1004 3571 1198 3637 humilitate
1220 3581 1256 3638 et
1277 3572 1367 3637 elee-

415 3673 581 3757 mosynis,
594 3674 806 3755 approbatus
819 3694 828 3753 3
842 3674 1019 3755 largarum
1030 3673 1285 3754 possessionum
1299 3672 1370 3736 dis·

451 3964 592 4027 ¹Surrctoe.]
611 3965 636 4012 E
644 3968 684 4023 1.;
702 3965 880 4028 sanctissimae,
904 3964 937 4014 de
954 3978 1058 4026 corpore
1075 3970 1102 4013 et
1117 3965 1240 4026 sangoine
1254 3965 1366 4016 Domini.

416 4035 450 4085 A.
461 4036 491 4085 S.
505 4038 535 4085 C.
546 4036 582 4085 D.
593 4035 649 4083 Ea.
662 4034 693 4084 L.
904 4034 1072 4096 Lunfraucus,
1090 4039 1154 4084 teste
1170 4035 1258 4083 eodem
1274 4036 1366 4085 biblio·

451 4103 566 4154 witrio
585 4103 879 4167 Loasruueas.]‘Sc1ip-
904 4105 1010 4167 grapho,
1031 4105 1134 4165 scripsit
1158 4105 1259 4165 laudes,
1277 4106 1368 4155 trium·

416 4176 459 4236 sit,
476 4176 559 4235 inquit
570 4174 726 4235 sigebertus,
739 4174 878 4222 invectivas
904 4174 977 4235 phos,
988 4178 1152 4236 etresgestus
1161 4174 1293 4225 Guillelmi
1301 4176 1367 4225 Nor·

415 4249 502 4293 eontra
516 4244 697 4304 Berengarium
707 4244 877 4292 Turonensem
904 4259 1050 4293 marmorum
1082 4240 1199 4295 comitis!
1231 4245 1312 4312 (Note
1339 4247 1365 4295 iu

416 4314 545 4376 epistolas,
566 4312 683 4363 refellam
705 4314 801 4375 scripta
822 4312 1120 4396 ejus,1souq.xr.1o1.)
