3142 5025
393 495 461 561 742
672 510 847 560 nrsroara
869 510 1047 562 Novanus.
1181 500 1269 581 [arr.
1288 515 1343 562 111.

396 674 608 749 rumperent,
633 665 720 749 iug'a
747 654 823 731 sibi'
846 687 965 733 omnes
992 668 1036 731 ad
1066 688 1173 733 unum
1202 669 1346 732 comites

398 768 624 845 consuluere3
642 760 724 830 ¹sex
753 768 845 829 enirn
862 787 941 831 cum
957 786 1039 849 rege
1056 769 1200 832 comites
1217 768 1346 831 bellurn

398 866 569 945 inierunt3
598 867 716 947 plures
745 868 907 943 barones,
937 867 1168 950 praedicaudae
1202 866 1282 929 fidei
1311 873 1353 929 et
1458 860 1465 873 '

400 964 626 1040 fortitudinis,
640 966 699 1048 qui
715 985 832 1047 regern
845 984 910 1028 nec
930 967 967 1029 in
983 965 1050 1029 hac
1063 966 1270 1029 necessitate
1286 965 1346 1028 de-

400 1063 582 1127 serendum
598 1065 776 1142 ducerent,
791 1065 897 1146 capti.
934 1065 1015 1129 Rex
1027 1066 1114 1146 ipse,
1129 1066 1288 1147 quamvis
1301 1064 1343 1127 ad

401 1182 440 1227 se
453 1162 701 1226 defensandum
724 1184 795 1227 non
818 1165 850 1226 ei
865 1163 1031 1228 defuisset
1044 1166 1192 1241 animus,
1207 1164 1345 1227 tandem

401 1281 424 1325 a
436 1261 602 1325 militibus
616 1264 754 1326 comitis
766 1262 979 1327 Gloecestrae
998 1264 1267 1345 circumquaque
1285 1282 1347 1343 ag-

400 1380 553 1442 gressus,
568 1363 642 1425 ictu
659 1361 785 1443 lapidis
805 1361 997 1444 cujusdam,
1016 1370 1120 1425 terrae
1141 1364 1346 1444 procubuit;

401 1479 423 1524 a
448 1480 517 1542 quo
542 1468 659 1524 autem
687 1460 724 1523 id
751 1460 881 1524 factum
907 1460 1022 1537 fuerit,
1044 1460 1236 1542 ignoratur.
1288 1460 1348 1524 Ita

401 1560 561 1622 omnibus
575 1560 667 1622 circa
682 1578 720 1621 se
735 1559 792 1623 vel
807 1560 917 1641 captis
934 1559 990 1623 vel
1004 1559 1146 1641 fugatis
1159 1560 1347 1623 cedendum

401 1677 465 1738 pro
491 1664 656 1740 tempore,
681 1665 716 1721 et
737 1659 847 1721 teneri
869 1659 1046 1722 sustinuit.
1098 1657 1346 1722 Praedicandus

401 1756 520 1837 itaque
543 1775 657 1820 comes
671 1756 885 1820 Gloecestrae
907 1757 1074 1839 praecepit
1096 1776 1214 1839 regem
1231 1752 1349 1821 vivum

402 1862 437 1919 et
452 1856 603 1933 illaesum
614 1849 841 1933 ²conscrvari,
858 1876 927 1920 non
939 1875 1063 1938 passus
1079 1857 1184 1920 etiam
1201 1856 1272 1919 ullo
1287 1876 1349 1920 ex·

401 1955 799 2035 probrationis-convitio
815 1955 912 2045 illum
923 1949 1085 2019 ³irretiri:
1110 1963 1145 2018 et
1162 1971 1264 2037 quem
1281 1957 1350 2019 ira-

403 2060 459 2117 tus
481 2054 583 2117 modo
608 2055 837 2137 impugnabat
857 2074 967 2135 regno
988 2054 1215 2135 fastigiatum,
1239 2055 1348 2135 placi-

402 2150 479 2229 dus,
494 2155 594 2216 ecce!
616 2154 768 2235 protegit
788 2154 1059 2235 triumphatum
1080 2159 1132 2230 nt,
1149 2155 1357 2236 compositis

401 2252 463 2315 irae
479 2260 515 2317 et
531 2252 664 2315 laetitiae
678 2252 841 2330 motibus,
858 2260 893 2316 et
909 2252 1203 2333 consanguinitati
1216 2254 1348 2335 impen-

402 2349 500 2413 deret
523 2351 785 2428 humanitatem,
802 2359 838 2415 et
856 2352 893 2413 in
914 2352 1055 2434 captivo
1074 2351 1278 2415 diadematis
1294 2372 1350 2415 re-

405 2450 554 2532 spiceret
578 2451 795 2532 dignitatem.
848 2443 1006 2533 ⁴Vulgus
1022 2470 1105 2515 vero
1128 2452 1351 2532 burgensium

321 2577 328 2582 ·
406 2548 710 2614 Lindocolinorum
739 2550 850 2614 multa
882 2537 984 2631 parte
1014 2551 1255 2615 obtruncatum
1286 2559 1352 2628 est,

399 2648 499 2730 justa
524 2649 578 2711 ira
598 2649 737 2714 illorum
759 2649 820 2732 qui
845 2650 1022 2728 vicissent,
1044 2649 1139 2713 nullo
1161 2650 1281 2714 dolore
1303 2651 1349 2712 il-

403 2746 514 2810 lorum
539 2748 601 2830 qui
614 2749 699 2812 victi
724 2755 851 2825 essent,
876 2749 969 2830 quod
992 2749 1059 2832 ipsi
1081 2748 1287 2832 principium
1316 2757 1353 2812 et

383 2836 387 2846 ’
402 2844 510 2910 fomes
524 2847 625 2911 istius
640 2847 723 2910 mali
738 2847 895 2910 brissent.

452 3033 627 3091 QUOMODO
650 3034 727 3080 REX
751 3034 994 3081 IMPERATRIOI
1018 3035 1308 3084 PRAESENTATUR.

239 3155 382 3253 affingo
453 3139 543 3223 541.
567 3140 649 3204 Rex
665 3135 778 3217 ⁵vero,
799 3141 907 3224 juxta
934 3161 1063 3206 morem
1089 3143 1183 3206 illius
1213 3143 1349 3224 generis

239 3255 277 3294 the
289 3266 389 3305 curm
402 3240 577 3303 hominum
599 3258 686 3321 quos
712 3241 870 3322 captivos
894 3243 1087 3318 nominant,
1105 3243 1316 3324 imperatrici
1330 3261 1355 3304 a

402 3340 508 3403 fratre
537 3347 769 3421 praesentatus
798 3339 1033 3405 Gloecestrae:
1066 3350 1146 3422 post
1177 3342 1282 3405 etiam
1307 3341 1354 3404 ad

403 3439 547 3503 Bristou
566 3438 704 3515 ductus,
729 3447 767 3502 et
784 3439 835 3503 ibi,
855 3439 1042 3503 honorifice
1060 3448 1187 3523 praeter
1208 3460 1354 3523 progre-

401 3538 518 3602 diendi
547 3537 749 3602 facultatem
778 3546 937 3602 servatus
968 3547 1022 3602 est
1050 3541 1174 3621 primo.
1225 3540 1352 3604 Succe-

402 3638 499 3702 denti
525 3630 634 3700 ⁰enim
662 3645 830 3720 tempore,
855 3644 998 3720 propter
1022 3639 1245 3703 insolentiam
1267 3659 1355 3721 quo·

436 3859 511 3911 ¹&oe
531 3861 596 3910 enim
616 3877 671 3910 cam
688 3876 747 3923 rege
767 3861 866 3910 comites
926 3858 936 3887 ⁴
952 3861 1112 3923 Vulgarum
1128 3863 1283 3924 burgensium
1295 3864 1357 3912 Lis·

401 3932 626 3988 belluinarum
642 3932 726 3994 plores
743 3931 864 3994 barma]
890 3931 1080 3997 docoliaoram]
1106 3935 1155 3992 E.;
1175 3933 1277 3994 Vulgus
1295 3949 1357 3983 vero

400 4003 450 4097 Eg
463 4002 546 4118 gouel
556 4000 712 4131 baroniaskd.
723 4000 758 4049 D.
770 4000 824 4049 La.
847 4069 853 4081 ι
889 4001 983 4119 οὶνδίιιῑιῐυ
994 4002 1196 4138 Βίΐᾶέωἳηὲω,
1212 4002 1241 4051 S.
1249 4002 1354 4120 {ierim

485 4085 617 4118 oaseraun.
681 4086 706 4128 .;
729 4083 855 4118 asservari
972 4085 1020 4120 ero.
1079 4107 1086 4121 .
1157 4087 1182 4120 .·
1205 4086 1256 4119 omr
1327 4087 1354 4120 rn

400 4139 710 4199 S.D.;rcserrari,L2.
858 4104 972 4191 ’S.D..
1003 4187 1009 4191 .
1039 4187 1047 4190 ..
1095 4107 1182 4191 ,...’

434 4203 862 4275 ⁸1rretiri.]E1.;irritari,E2.;
933 4205 1065 4278 ὕΕηιήι.]
1095 4211 1127 4260 E.
1136 4224 1145 4272 3
1172 4225 1242 4272 vero,
1264 4211 1293 4260 S.
1317 4211 1354 4260 D.

398 4279 537 4340 proscindi,
548 4279 577 4327 S.
589 4277 624 4327 D.
636 4278 692 4328 La.
889 4276 911 4325 L
922 4281 947 4327 2.
