3142 5025
393 507 459 572 556
609 520 724 568 ousrn
750 517 878 567 annun
906 517 1118 566 nacionum.
1193 501 1347 584 [nrarv.

236 696 379 760 sasern-
398 685 567 741 emtorum
600 677 637 740 in
669 683 787 741 castra
822 678 1036 742 Francorum
1067 677 1277 753 emittentes,
1312 683 1350 738 ut

238 751 301 791 'mh‘
362 859 365 866 .
399 777 478 843 illos
494 797 536 841 eo
550 776 653 841 modo
668 777 714 840 ad
728 777 881 842 dolorem
899 777 1133 842 incenderent.

647 968 695 1014 ΒΕ
718 967 818 1016 Falla
843 967 1103 1016 OBSlDllN'l'lUM.

454 1075 473 1159 ᾗ
488 1074 566 1141 362.
583 1075 630 1140 Et
642 1075 730 1159 jam,
744 1075 937 1141 devastatis
953 1077 1113 1140 omnibus
1126 1074 1219 1138 circa
1233 1075 1352 1138 urbem

405 1195 484 1258 quae
498 1175 542 1238 ad
560 1177 690 1240 victum
706 1183 868 1258 poterant
888 1175 1016 1258 parari,
1034 1174 1219 1238 temeraria
1232 1173 1353 1250 fames,

406 1295 485 1359 quae
507 1283 585 1339 tuta
610 1276 715 1340 etiam
738 1293 942 1359 expugnare
964 1275 1066 1350 solet,
1088 1273 1279 1338 exercitum
1301 1274 1353 1336 in·

408 1394 542 1439 cessere
564 1381 739 1458 coeperat3
761 1376 851 1439 adeo
875 1383 928 1453 ut,
954 1374 1106 1438 nondum
1131 1374 1355 1455 surgentibus

407 1476 444 1538 in
466 1475 574 1538 altam
596 1482 748 1555 segetem
771 1475 906 1552 culmis,
928 1474 1070 1556 quidam
1091 1472 1237 1555 siliquas
1257 1472 1355 1536 faba·

408 1593 483 1637 rum
520 1567 688 1638 ¹noudum
722 1573 920 1638 adultarum
954 1593 1018 1658 pro
1051 1573 1193 1637 summis
1224 1571 1356 1636 deliciis

405 1673 711 1756 amplecterentur.
763 1673 837 1738 Alii
866 1693 988 1739 carnes
1014 1673 1263 1756 jumentorum,
1296 1671 1358 1736 alii

408 1773 504 1838 coria
518 1774 620 1855 aquis
630 1774 775 1852 mollita,
786 1773 927 1855 quidam
942 1773 1089 1837 carduos
1102 1791 1225 1854 parum
1238 1779 1357 1837 coctos

410 1892 473 1954 per
501 1873 644 1936 abrasas
667 1873 784 1938 fauces
807 1881 906 1938 utero
933 1872 1182 1951 demittebant3
1216 1871 1357 1954 quidam

411 1973 467 2036 vel
489 1991 616 2048 mures,
630 1973 686 2036 vel
708 1973 830 2036 talium
847 1973 929 2056 quid
953 1973 1165 2048 deliciarum,
1183 1972 1356 2054 poscenti-

411 2072 476 2134 bus
491 2072 570 2135 aliis
588 2073 843 2150 venundabant,
860 2080 895 2136 et
909 2073 1039 2136 esurire
1057 2071 1251 2135 sustinebat
1275 2089 1356 2154 pro-

411 2171 484 2236 lato
495 2171 637 2256 jejunus
652 2172 812 2236 venditor
827 2191 923 2237 auro.
976 2170 1052 2235 Nec
1068 2169 1208 2234 delinere
1226 2172 1285 2252 qui
1298 2190 1357 2234 ca-

411 2270 541 2335 davera
568 2272 795 2337 cadaveribus
827 2272 1040 2353 infarcirent,
1073 2270 1233 2334 humanis
1264 2271 1358 2353 pasti

412 2371 595 2451 carnibus;
618 2371 721 2454 longe
737 2380 854 2435 tamen
872 2372 958 2435 etin
976 2371 1162 2447 montibus,
1177 2390 1221 2434 ne
1238 2370 1359 2433 nidore

412 2472 526 2536 carnis
542 2471 676 2536 adustae
693 2472 811 2536 caeteri
829 2471 1093 2537 offenderentur.
1145 2469 1281 2548 Plures,
1296 2487 1358 2552 spe

409 2571 622 2654 reperiendae
636 2572 822 2649 alimoniae,
836 2572 965 2653 ignotis
975 2573 1193 2653 vagabantur
1207 2570 1338 2634 semitis
1350 2590 1359 2648 3

411 2679 448 2734 et
470 2690 492 2734 a
521 2670 739 2748 latrunculis,
765 2672 900 2735 viarum
929 2671 1059 2753 gnaris,
1084 2669 1359 2735 trucidabantur.

411 2769 480 2834 Sed
498 2790 568 2833 non
586 2770 695 2835 multo
711 2778 792 2853 post
808 2770 932 2836 civitas
947 2769 1113 2835 deditioni
1130 2770 1316 2834 consensit.

442 2961 616 3019 QUOMODO
640 2961 865 3011 BOAMUNDUS
888 2962 1041 3011 Tuacuu
1066 2962 1245 3020 QUENDAM
1269 2963 1318 3011 Ab

610 3060 858 3109 PRODlTlONBbl
884 3062 994 3111 URBlS
1018 3062 1162 3110 uuaxlu.

465 3168 576 3251 §363
601 3169 828 3233 Boamundus
854 3169 956 3246 enim,
978 3169 1117 3233 solertis
1140 3169 1271 3251 ingenii
1295 3169 1360 3246 vir,

414 3287 456 3331 ea
474 3275 574 3351 parte
601 3287 670 3351 qua
694 3269 942 3352 praetendebat,
960 3261 1167 3352 ²priucipem
1188 3268 1359 3351 quendam

415 3367 580 3447 Turcum,
597 3369 760 3433 maximae
776 3370 884 3433 turris
906 3368 1097 3445 custodem,
1113 3369 1292 3451 promissis
1310 3370 1362 3432 in-

415 3469 578 3549 gentibus
601 3468 645 3532 ad
669 3469 896 3550 proditionem
930 3488 991 3550 per
1017 3468 1252 3532 internuncios
1281 3468 1362 3533 soli-

414 3567 597 3632 citaverat.
650 3568 716 3632 Ille
734 3588 884 3651 quoque,
898 3575 939 3632 ut
960 3567 1137 3631 infamiam
1157 3568 1363 3650 proditionis

415 3666 544 3749 insigni
573 3668 799 3732 excusatione
823 3668 996 3750 palliaret,
1023 3668 1226 3739 Boamundo
1253 3667 1362 3731 filium

415 3766 452 3829 iu
486 3768 683 3831 obsidatum
713 3768 828 3847 dedit;
867 3766 997 3831 Christi
1030 3766 1156 3844 edicto,
1187 3767 1279 3849 quod
1302 3787 1364 3850 per

417 3867 588 3930 somnium
599 3867 789 3945 didicisset,
806 3867 842 3930 id
860 3867 1027 3931 sefacere
1049 3865 1233 3949 professus.
1274 3867 1364 3932 Suos

451 4112 460 4145 ¹
473 4115 608 4177 Nondum]
628 4117 662 4168 A.
681 4118 711 4169 S.
731 4119 760 4167 G.
782 4119 819 4169 D.
830 4119 861 4168 1..
873 4134 880 4179 ;
953 4132 998 4181 per
1008 4117 1172 4167 internuncios
1180 4109 1367 4184 solicitaverat]

414 4185 518 4233 omitted
529 4186 555 4234 in
567 4189 599 4236 Ε.
905 4188 1026 4250 Phirouz,
1041 4202 1058 4236 u
1068 4188 1159 4249 Syrien
1173 4186 1309 4249 renegedo,
1319 4184 1367 4234 hus

904 4258 945 4306 the
957 4258 1052 4318 infamy
1063 4257 1092 4305 of
1100 4257 1150 4307 this
1161 4258 1298 4319 perfidious
1314 4255 1365 4304 and

449 4320 613 4388 ²Priacipem
633 4330 750 4390 quendum
772 4328 877 4377 Turcam
903 4328 956 4377 foul
966 4333 1074 4377 treeson.
