<?xml version="1.0" encoding="UTF-8"?>
<!DOCTYPE html PUBLIC "-//W3C//DTD XHTML 1.0 Transitional//EN"
    "http://www.w3.org/TR/xhtml1/DTD/xhtml1-transitional.dtd">
<html xmlns="http://www.w3.org/1999/xhtml" xml:lang="en" lang="en">
 <head>
  <title>
</title>
<meta http-equiv="Content-Type" content="text/html;charset=utf-8" />
  <meta name='ocr-system' content='tesseract 3.04.00' />
  <meta name='ocr-capabilities' content='ocr_page ocr_carea ocr_par ocr_line ocrx_word'/>
</head>
<body>
  <div class='ocr_page' id='page_1' title='image "./willelmimalmesb01willgoog_0127.png"; bbox 0 0 3142 5025; ppageno 0'>
   <div class='ocr_carea' id='block_1_1' title="bbox 431 493 1146 570">
    <p class='ocr_par' dir='ltr' id='par_1_1' title="bbox 431 493 1146 570">
     <span class='ocr_line' id='line_1_1' title="bbox 431 493 1146 570; baseline 0 -11"><span class='ocrx_word' id='word_1_1' title='bbox 431 493 496 559; x_wconf 85' lang='grc'>484</span> <span class='ocrx_word' id='word_1_2' title='bbox 666 511 850 560; x_wconf 82' lang='lat' dir='ltr'>rnouocus</span> <span class='ocrx_word' id='word_1_3' title='bbox 874 511 972 558; x_wconf 82' lang='lat' dir='ltr'>nrnnr</span> <span class='ocrx_word' id='word_1_4' title='bbox 997 511 1146 570; x_wconf 72' lang='lat' dir='ltr'>ounnrr.</span> 
     </span>
    </p>
   </div>
   <div class='ocr_carea' id='block_1_2' title="bbox 431 663 1387 2644">
    <p class='ocr_par' dir='ltr' id='par_1_2' title="bbox 431 663 1387 2644">
     <span class='ocr_line' id='line_1_2' title="bbox 431 663 1379 752; baseline -0.003 -19"><span class='ocrx_word' id='word_1_5' title='bbox 431 668 605 733; x_wconf 90' lang='lat' dir='ltr'>victurum</span> <span class='ocrx_word' id='word_1_6' title='bbox 628 669 720 752; x_wconf 90' lang='lat' dir='ltr'>apud</span> <span class='ocrx_word' id='word_1_7' title='bbox 746 689 784 734; x_wconf 90' lang='lat' dir='ltr'>se</span> <span class='ocrx_word' id='word_1_8' title='bbox 808 663 987 733; x_wconf 89' lang='lat' dir='ltr'>¹amicitiae</span> <span class='ocrx_word' id='word_1_9' title='bbox 1013 668 1139 751; x_wconf 82' lang='lat' dir='ltr'>pignus</span> <span class='ocrx_word' id='word_1_10' title='bbox 1167 668 1379 732; x_wconf 81' lang='lat' dir='ltr'>contineant.</span> 
     </span>
     <span class='ocr_line' id='line_1_3' title="bbox 433 766 1380 852; baseline -0.003 -21"><span class='ocrx_word' id='word_1_11' title='bbox 433 766 607 846; x_wconf 86' lang='lat' dir='ltr'>Quocirca</span> <span class='ocrx_word' id='word_1_12' title='bbox 629 770 779 846; x_wconf 92' lang='lat' dir='ltr'>illorum,</span> <span class='ocrx_word' id='word_1_13' title='bbox 802 770 862 852; x_wconf 88' lang='lat' dir='ltr'>qui</span> <span class='ocrx_word' id='word_1_14' title='bbox 883 767 968 831; x_wconf 87' lang='lat' dir='ltr'>mihi</span> <span class='ocrx_word' id='word_1_15' title='bbox 989 769 1112 832; x_wconf 90' lang='lat' dir='ltr'>timent</span> <span class='ocrx_word' id='word_1_16' title='bbox 1133 775 1174 831; x_wconf 92' lang='lat' dir='ltr'>ut</span> <span class='ocrx_word' id='word_1_17' title='bbox 1195 775 1256 831; x_wconf 91' lang='lat' dir='ltr'>aut</span> <span class='ocrx_word' id='word_1_18' title='bbox 1282 766 1380 830; x_wconf 92' lang='lat' dir='ltr'>odiar</span> 
     </span>
     <span class='ocr_line' id='line_1_4' title="bbox 433 867 1378 949; baseline -0.002 -18"><span class='ocrx_word' id='word_1_19' title='bbox 433 875 494 932; x_wconf 87' lang='lat' dir='ltr'>aut</span> <span class='ocrx_word' id='word_1_20' title='bbox 521 869 679 947; x_wconf 89' lang='lat' dir='ltr'>mentiar,</span> <span class='ocrx_word' id='word_1_21' title='bbox 706 867 958 933; x_wconf 89' lang='lat' dir='ltr'>benevolentiae</span> <span class='ocrx_word' id='word_1_22' title='bbox 990 875 1123 949; x_wconf 77' lang='lat' dir='ltr'>gratae,</span> <span class='ocrx_word' id='word_1_23' title='bbox 1147 868 1199 931; x_wconf 91' lang='lat' dir='ltr'>ita</span> <span class='ocrx_word' id='word_1_24' title='bbox 1223 868 1287 930; x_wconf 92' lang='lat' dir='ltr'>sub</span> <span class='ocrx_word' id='word_1_25' title='bbox 1314 885 1378 948; x_wconf 87' lang='lat' dir='ltr'>ope</span> 
     </span>
     <span class='ocr_line' id='line_1_5' title="bbox 434 965 1379 1046; baseline -0.002 -17"><span class='ocrx_word' id='word_1_26' title='bbox 434 966 564 1031; x_wconf 86' lang='lat' dir='ltr'>Christi</span> <span class='ocrx_word' id='word_1_27' title='bbox 586 968 810 1046; x_wconf 81' lang='lat' dir='ltr'><strong>satisfaciam,</strong></span> <span class='ocrx_word' id='word_1_28' title='bbox 834 975 873 1032; x_wconf 92' lang='lat' dir='ltr'>ut</span> <span class='ocrx_word' id='word_1_29' title='bbox 887 987 951 1032; x_wconf 89' lang='lat' dir='ltr'>nec</span> <span class='ocrx_word' id='word_1_30' title='bbox 966 967 1128 1031; x_wconf 82' lang='lat' dir='ltr'>falsarius</span> <span class='ocrx_word' id='word_1_31' title='bbox 1152 986 1215 1030; x_wconf 91' lang='lat' dir='ltr'>nec</span> <span class='ocrx_word' id='word_1_32' title='bbox 1238 965 1379 1030; x_wconf 91' lang='lat' dir='ltr'>odiosus</span> 
     </span>
     <span class='ocr_line' id='line_1_6' title="bbox 433 1066 1380 1148; baseline -0.001 -19"><span class='ocrx_word' id='word_1_33' title='bbox 433 1066 610 1132; x_wconf 88' lang='lat' dir='ltr'>inveniar:</span> <span class='ocrx_word' id='word_1_34' title='bbox 634 1069 684 1132; x_wconf 88' lang='lat' dir='ltr'>sic</span> <span class='ocrx_word' id='word_1_35' title='bbox 709 1069 800 1132; x_wconf 89' lang='lat' dir='ltr'>enim</span> <span class='ocrx_word' id='word_1_36' title='bbox 822 1069 909 1132; x_wconf 88' lang='lat' dir='ltr'>bene</span> <span class='ocrx_word' id='word_1_37' title='bbox 931 1074 967 1131; x_wconf 89' lang='lat' dir='ltr'>et</span> <span class='ocrx_word' id='word_1_38' title='bbox 990 1086 1090 1131; x_wconf 90' lang='lat' dir='ltr'>secus</span> <span class='ocrx_word' id='word_1_39' title='bbox 1118 1074 1197 1131; x_wconf 87' lang='lat' dir='ltr'>acta</span> <span class='ocrx_word' id='word_1_40' title='bbox 1216 1066 1380 1148; x_wconf 89' lang='lat' dir='ltr'>perstrin-</span> 
     </span>
     <span class='ocr_line' id='line_1_7' title="bbox 433 1165 1379 1252; baseline -0.002 -22"><span class='ocrx_word' id='word_1_41' title='bbox 433 1186 527 1248; x_wconf 84' lang='lat' dir='ltr'>gam,</span> <span class='ocrx_word' id='word_1_42' title='bbox 543 1174 594 1244; x_wconf 90' lang='lat' dir='ltr'>ut,</span> <span class='ocrx_word' id='word_1_43' title='bbox 616 1168 716 1249; x_wconf 89' lang='lat' dir='ltr'>quasi</span> <span class='ocrx_word' id='word_1_44' title='bbox 733 1168 825 1231; x_wconf 91' lang='lat' dir='ltr'>inter</span> <span class='ocrx_word' id='word_1_45' title='bbox 838 1167 989 1252; x_wconf 81' lang='lat' dir='ltr'><strong>Scyllam</strong></span> <span class='ocrx_word' id='word_1_46' title='bbox 1007 1174 1043 1230; x_wconf 89' lang='lat' dir='ltr'>et</span> <span class='ocrx_word' id='word_1_47' title='bbox 1054 1165 1253 1230; x_wconf 87' lang='lat' dir='ltr'>Charibdirn</span> <span class='ocrx_word' id='word_1_48' title='bbox 1268 1165 1379 1228; x_wconf 75' lang='lat' dir='ltr'>illaeso</span> 
     </span>
     <span class='ocr_line' id='line_1_8' title="bbox 433 1264 1380 1350; baseline 0.001 -22"><span class='ocrx_word' id='word_1_49' title='bbox 433 1265 574 1330; x_wconf 87' lang='lat' dir='ltr'>volante</span> <span class='ocrx_word' id='word_1_50' title='bbox 595 1268 749 1350; x_wconf 81' lang='lat' dir='ltr'>navigio,</span> <span class='ocrx_word' id='word_1_51' title='bbox 769 1267 818 1331; x_wconf 93' lang='lat' dir='ltr'>nil</span> <span class='ocrx_word' id='word_1_52' title='bbox 838 1267 929 1331; x_wconf 82' lang='lat' dir='ltr'><strong>desit</strong></span> <span class='ocrx_word' id='word_1_53' title='bbox 951 1266 1143 1343; x_wconf 89' lang='lat' dir='ltr'>sententiae,</span> <span class='ocrx_word' id='word_1_54' title='bbox 1161 1265 1227 1330; x_wconf 90' lang='lat' dir='ltr'>etsi</span> <span class='ocrx_word' id='word_1_55' title='bbox 1249 1264 1380 1348; x_wconf 91' lang='lat' dir='ltr'>aliquid</span> 
     </span>
     <span class='ocr_line' id='line_1_9' title="bbox 434 1365 1381 1448; baseline -0.001 -20"><span class='ocrx_word' id='word_1_56' title='bbox 434 1366 535 1429; x_wconf 88' lang='lat' dir='ltr'>deese</span> <span class='ocrx_word' id='word_1_57' title='bbox 559 1373 701 1448; x_wconf 90' lang='lat' dir='ltr'>putetur</span> <span class='ocrx_word' id='word_1_58' title='bbox 724 1367 887 1431; x_wconf 86' lang='lat' dir='ltr'>historiae.</span> <span class='ocrx_word' id='word_1_59' title='bbox 947 1365 1058 1430; x_wconf 90' lang='lat' dir='ltr'>Porro</span> <span class='ocrx_word' id='word_1_60' title='bbox 1085 1365 1167 1443; x_wconf 91' lang='lat' dir='ltr'>illis,</span> <span class='ocrx_word' id='word_1_61' title='bbox 1192 1365 1253 1448; x_wconf 93' lang='lat' dir='ltr'>qui</span> <span class='ocrx_word' id='word_1_62' title='bbox 1277 1365 1381 1428; x_wconf 90' lang='lat' dir='ltr'>alieni</span> 
     </span>
     <span class='ocr_line' id='line_1_10' title="bbox 433 1464 1383 1549; baseline -0.002 -21"><span class='ocrx_word' id='word_1_63' title='bbox 433 1465 561 1530; x_wconf 88' lang='lat' dir='ltr'>laboris</span> <span class='ocrx_word' id='word_1_64' title='bbox 586 1485 673 1530; x_wconf 87' lang='lat' dir='ltr'>onus</span> <span class='ocrx_word' id='word_1_65' title='bbox 703 1486 767 1530; x_wconf 88' lang='lat' dir='ltr'>sua</span> <span class='ocrx_word' id='word_1_66' title='bbox 791 1466 1020 1530; x_wconf 78' lang='lat' dir='ltr'>aestimatione</span> <span class='ocrx_word' id='word_1_67' title='bbox 1044 1471 1216 1549; x_wconf 92' lang='lat' dir='ltr'>premunt,</span> <span class='ocrx_word' id='word_1_68' title='bbox 1240 1464 1306 1529; x_wconf 91' lang='lat' dir='ltr'>hoc</span> <span class='ocrx_word' id='word_1_69' title='bbox 1329 1483 1383 1527; x_wconf 89' lang='lat' dir='ltr'>re-</span> 
     </span>
     <span class='ocr_line' id='line_1_11' title="bbox 435 1553 1381 1648; baseline -0.001 -20"><span class='ocrx_word' id='word_1_70' title='bbox 435 1564 589 1646; x_wconf 84' lang='lat' dir='ltr'>spondeo</span> <span class='ocrx_word' id='word_1_71' title='bbox 610 1565 703 1647; x_wconf 91' lang='lat' dir='ltr'>quod</span> <span class='ocrx_word' id='word_1_72' title='bbox 729 1566 811 1629; x_wconf 91' lang='lat' dir='ltr'>olim</span> <span class='ocrx_word' id='word_1_73' title='bbox 828 1553 989 1629; x_wconf 80' lang='lat' dir='ltr'>²&#39;sanctus</span> <span class='ocrx_word' id='word_1_74' title='bbox 1007 1564 1213 1648; x_wconf 83' lang='lat' dir='ltr'>leronymus</span> <span class='ocrx_word' id='word_1_75' title='bbox 1237 1564 1381 1628; x_wconf 91' lang='lat' dir='ltr'>canibus</span> 
     </span>
     <span class='ocr_line' id='line_1_12' title="bbox 433 1663 1382 1747; baseline -0.001 -19"><span class='ocrx_word' id='word_1_76' title='bbox 433 1664 507 1728; x_wconf 88' lang='lat' dir='ltr'>suis</span> <span class='ocrx_word' id='word_1_77' title='bbox 529 1663 667 1747; x_wconf 90' lang='lat' dir='ltr'>objecit,</span> <span class='ocrx_word' id='word_1_78' title='bbox 693 1664 751 1728; x_wconf 90' lang='lat' dir='ltr'>‘Si</span> <span class='ocrx_word' id='word_1_79' title='bbox 776 1664 904 1747; x_wconf 88' lang='lat' dir='ltr'>placet,</span> <span class='ocrx_word' id='word_1_80' title='bbox 931 1664 1072 1747; x_wconf 79' lang='lat' dir='ltr'>legant3</span> <span class='ocrx_word' id='word_1_81' title='bbox 1104 1664 1134 1727; x_wconf 89' lang='lat' dir='ltr'>si</span> <span class='ocrx_word' id='word_1_82' title='bbox 1160 1684 1230 1729; x_wconf 89' lang='lat' dir='ltr'>non</span> <span class='ocrx_word' id='word_1_83' title='bbox 1255 1663 1382 1747; x_wconf 89' lang='lat' dir='ltr'>placet,</span> 
     </span>
     <span class='ocr_line' id='line_1_13' title="bbox 435 1763 1382 1846; baseline 0 -20"><span class='ocrx_word' id='word_1_84' title='bbox 435 1763 601 1846; x_wconf 86' lang='lat' dir='ltr'>abjiciant</span> <span class='ocrx_word' id='word_1_85' title='bbox 612 1764 633 1827; x_wconf 89' lang='lat'>:&#39;</span> <span class='ocrx_word' id='word_1_86' title='bbox 651 1764 733 1846; x_wconf 85' lang='lat' dir='ltr'>quia</span> <span class='ocrx_word' id='word_1_87' title='bbox 749 1771 784 1828; x_wconf 90' lang='lat' dir='ltr'>et</span> <span class='ocrx_word' id='word_1_88' title='bbox 797 1784 863 1846; x_wconf 84' lang='lat' dir='ltr'>ego</span> <span class='ocrx_word' id='word_1_89' title='bbox 887 1764 962 1827; x_wconf 86' lang='lat' dir='ltr'>haec</span> <span class='ocrx_word' id='word_1_90' title='bbox 983 1783 1053 1828; x_wconf 93' lang='lat' dir='ltr'>non</span> <span class='ocrx_word' id='word_1_91' title='bbox 1070 1763 1224 1828; x_wconf 88' lang='lat' dir='ltr'>taediosis</span> <span class='ocrx_word' id='word_1_92' title='bbox 1246 1763 1382 1845; x_wconf 85' lang='lat' dir='ltr'>ingero,</span> 
     </span>
     <span class='ocr_line' id='line_1_14' title="bbox 435 1862 1383 1945; baseline -0.003 -15"><span class='ocrx_word' id='word_1_93' title='bbox 435 1862 495 1930; x_wconf 78' lang='lat' dir='ltr'>sed</span> <span class='ocrx_word' id='word_1_94' title='bbox 514 1863 687 1941; x_wconf 64' lang='lat' dir='ltr'>studiosis</span> <span class='ocrx_word' id='word_1_95' title='bbox 702 1864 731 1928; x_wconf 88' lang='lat' dir='ltr'>si</span> <span class='ocrx_word' id='word_1_96' title='bbox 745 1863 807 1945; x_wconf 90' lang='lat' dir='ltr'>qui</span> <span class='ocrx_word' id='word_1_97' title='bbox 820 1864 1018 1945; x_wconf 86' lang='lat' dir='ltr'>dignentur,</span> <span class='ocrx_word' id='word_1_98' title='bbox 1032 1882 1215 1942; x_wconf 88' lang='lat' dir='ltr'>consecro;</span> <span class='ocrx_word' id='word_1_99' title='bbox 1238 1863 1330 1945; x_wconf 87' lang='lat' dir='ltr'>quod</span> <span class='ocrx_word' id='word_1_100' title='bbox 1347 1870 1383 1927; x_wconf 91' lang='lat' dir='ltr'>et</span> 
     </span>
     <span class='ocr_line' id='line_1_15' title="bbox 435 1954 1382 2045; baseline 0 -21"><span class='ocrx_word' id='word_1_101' title='bbox 435 1961 496 2024; x_wconf 90' lang='lat' dir='ltr'>isti</span> <span class='ocrx_word' id='word_1_102' title='bbox 514 1954 599 2045; x_wconf 76' lang='lat' dir='ltr'>⁸juri</span> <span class='ocrx_word' id='word_1_103' title='bbox 624 1963 805 2027; x_wconf 82' lang='lat' dir='ltr'>concinere</span> <span class='ocrx_word' id='word_1_104' title='bbox 827 1963 1116 2045; x_wconf 90' lang='lat' dir='ltr'>pronunciabunt,</span> <span class='ocrx_word' id='word_1_105' title='bbox 1133 1964 1165 2026; x_wconf 85' lang='lat' dir='ltr'>si</span> <span class='ocrx_word' id='word_1_106' title='bbox 1188 1962 1313 2026; x_wconf 91' lang='lat' dir='ltr'>nonde</span> <span class='ocrx_word' id='word_1_107' title='bbox 1327 1961 1382 2025; x_wconf 89' lang='lat' dir='ltr'>his</span> 
     </span>
     <span class='ocr_line' id='line_1_16' title="bbox 435 2061 1383 2145; baseline 0.001 -21"><span class='ocrx_word' id='word_1_108' title='bbox 435 2068 518 2124; x_wconf 86' lang='lat' dir='ltr'>sunt</span> <span class='ocrx_word' id='word_1_109' title='bbox 534 2061 577 2125; x_wconf 91' lang='lat' dir='ltr'>de</span> <span class='ocrx_word' id='word_1_110' title='bbox 590 2063 715 2144; x_wconf 90' lang='lat' dir='ltr'>quibus</span> <span class='ocrx_word' id='word_1_111' title='bbox 732 2062 859 2126; x_wconf 90' lang='lat' dir='ltr'>dicitur</span> <span class='ocrx_word' id='word_1_112' title='bbox 872 2061 1003 2126; x_wconf 85' lang='lat' dir='ltr'>‘Stulti</span> <span class='ocrx_word' id='word_1_113' title='bbox 1016 2062 1117 2126; x_wconf 84' lang='lat' dir='ltr'>facile</span> <span class='ocrx_word' id='word_1_114' title='bbox 1139 2069 1286 2145; x_wconf 84' lang='lat' dir='ltr'>possunt</span> <span class='ocrx_word' id='word_1_115' title='bbox 1299 2081 1383 2125; x_wconf 90' lang='lat' dir='ltr'>con-</span> 
     </span>
     <span class='ocr_line' id='line_1_17' title="bbox 436 2159 1383 2243; baseline 0.003 -20"><span class='ocrx_word' id='word_1_116' title='bbox 436 2160 541 2237; x_wconf 90' lang='lat' dir='ltr'>vinci,</span> <span class='ocrx_word' id='word_1_117' title='bbox 565 2159 702 2226; x_wconf 89' lang='lat' dir='ltr'>difficile</span> <span class='ocrx_word' id='word_1_118' title='bbox 726 2161 922 2243; x_wconf 88' lang='lat' dir='ltr'>compesci.&#39;</span> <span class='ocrx_word' id='word_1_119' title='bbox 972 2161 1099 2226; x_wconf 84' lang='lat' dir='ltr'>Dicam</span> <span class='ocrx_word' id='word_1_120' title='bbox 1124 2161 1234 2243; x_wconf 82' lang='lat' dir='ltr'>igitur</span> <span class='ocrx_word' id='word_1_121' title='bbox 1256 2161 1294 2224; x_wconf 94' lang='lat' dir='ltr'>in</span> <span class='ocrx_word' id='word_1_122' title='bbox 1318 2161 1383 2226; x_wconf 92' lang='lat' dir='ltr'>hoc</span> 
     </span>
     <span class='ocr_line' id='line_1_18' title="bbox 436 2259 1384 2346; baseline 0 -22"><span class='ocrx_word' id='word_1_123' title='bbox 436 2259 536 2337; x_wconf 90' lang='lat' dir='ltr'>libro,</span> <span class='ocrx_word' id='word_1_124' title='bbox 562 2261 622 2343; x_wconf 89' lang='lat' dir='ltr'>qui</span> <span class='ocrx_word' id='word_1_125' title='bbox 643 2261 747 2346; x_wconf 86' lang='lat' dir='ltr'>hujus</span> <span class='ocrx_word' id='word_1_126' title='bbox 772 2261 887 2344; x_wconf 91' lang='lat' dir='ltr'>operis</span> <span class='ocrx_word' id='word_1_127' title='bbox 910 2267 964 2325; x_wconf 89' lang='lat' dir='ltr'>est</span> <span class='ocrx_word' id='word_1_128' title='bbox 984 2268 1142 2344; x_wconf 78' lang='lat' dir='ltr'>quartae,</span> <span class='ocrx_word' id='word_1_129' title='bbox 1155 2261 1318 2343; x_wconf 88' lang='lat' dir='ltr'>quicquid</span> <span class='ocrx_word' id='word_1_130' title='bbox 1340 2260 1384 2324; x_wconf 87' lang='lat' dir='ltr'>de</span> 
     </span>
     <span class='ocr_line' id='line_1_19' title="bbox 436 2359 1385 2443; baseline 0 -19"><span class='ocrx_word' id='word_1_131' title='bbox 436 2359 614 2425; x_wconf 89' lang='lat' dir='ltr'>Willelmo</span> <span class='ocrx_word' id='word_1_132' title='bbox 637 2361 709 2425; x_wconf 91' lang='lat' dir='ltr'>filio</span> <span class='ocrx_word' id='word_1_133' title='bbox 730 2360 898 2426; x_wconf 90' lang='lat' dir='ltr'>Willelmi</span> <span class='ocrx_word' id='word_1_134' title='bbox 926 2360 1137 2443; x_wconf 76' lang='lat' dir='ltr'>magnidici</span> <span class='ocrx_word' id='word_1_135' title='bbox 1162 2360 1310 2442; x_wconf 90' lang='lat' dir='ltr'>poterit;</span> <span class='ocrx_word' id='word_1_136' title='bbox 1344 2366 1385 2424; x_wconf 87' lang='lat' dir='ltr'>ut</span> 
     </span>
     <span class='ocr_line' id='line_1_20' title="bbox 435 2459 1385 2544; baseline 0 -19"><span class='ocrx_word' id='word_1_137' title='bbox 435 2478 499 2525; x_wconf 89' lang='lat' dir='ltr'>nec</span> <span class='ocrx_word' id='word_1_138' title='bbox 513 2460 642 2526; x_wconf 89' lang='lat' dir='ltr'>veritas</span> <span class='ocrx_word' id='word_1_139' title='bbox 658 2479 771 2525; x_wconf 85' lang='lat' dir='ltr'>rernm</span> <span class='ocrx_word' id='word_1_140' title='bbox 793 2461 932 2538; x_wconf 87' lang='lat' dir='ltr'>titubet,</span> <span class='ocrx_word' id='word_1_141' title='bbox 948 2480 1011 2525; x_wconf 91' lang='lat' dir='ltr'>nec</span> <span class='ocrx_word' id='word_1_142' title='bbox 1028 2459 1229 2544; x_wconf 88' lang='lat' dir='ltr'>principalis</span> <span class='ocrx_word' id='word_1_143' title='bbox 1247 2459 1385 2525; x_wconf 87' lang='lat' dir='ltr'>decolo-</span> 
     </span>
     <span class='ocr_line' id='line_1_21' title="bbox 435 2560 1387 2644; baseline -0.001 -18"><span class='ocrx_word' id='word_1_144' title='bbox 435 2566 532 2626; x_wconf 86' lang='lat' dir='ltr'>retur</span> <span class='ocrx_word' id='word_1_145' title='bbox 553 2560 730 2644; x_wconf 77' lang='lat' dir='ltr'>majestas</span> <span class='ocrx_word' id='word_1_146' title='bbox 783 2560 891 2624; x_wconf 92' lang='lat' dir='ltr'>Ibunt</span> <span class='ocrx_word' id='word_1_147' title='bbox 906 2567 942 2625; x_wconf 91' lang='lat' dir='ltr'>et</span> <span class='ocrx_word' id='word_1_148' title='bbox 960 2561 997 2625; x_wconf 89' lang='lat' dir='ltr'>in</span> <span class='ocrx_word' id='word_1_149' title='bbox 1018 2561 1105 2624; x_wconf 89' lang='lat' dir='ltr'>istas</span> <span class='ocrx_word' id='word_1_150' title='bbox 1126 2560 1273 2643; x_wconf 79' lang='lat' dir='ltr'>paginas</span> <span class='ocrx_word' id='word_1_151' title='bbox 1290 2580 1387 2642; x_wconf 83' lang='lat' dir='ltr'>quae·</span> 
     </span>
    </p>
   </div>
   <div class='ocr_carea' id='block_1_3' title="bbox 436 2658 1503 2740">
    <p class='ocr_par' dir='ltr' id='par_1_3' title="bbox 436 2658 1503 2740">
     <span class='ocr_line' id='line_1_22' title="bbox 436 2658 1503 2740; baseline 0.005 -20"><span class='ocrx_word' id='word_1_152' title='bbox 436 2658 516 2720; x_wconf 89' lang='lat' dir='ltr'>dam</span> <span class='ocrx_word' id='word_1_153' title='bbox 541 2678 619 2740; x_wconf 88' lang='lat' dir='ltr'>quae</span> <span class='ocrx_word' id='word_1_154' title='bbox 643 2661 707 2723; x_wconf 88' lang='lat' dir='ltr'>snb</span> <span class='ocrx_word' id='word_1_155' title='bbox 735 2679 789 2736; x_wconf 92' lang='lat' dir='ltr'>eo,</span> <span class='ocrx_word' id='word_1_156' title='bbox 810 2660 867 2724; x_wconf 85' lang='lat' dir='ltr'>vel</span> <span class='ocrx_word' id='word_1_157' title='bbox 891 2659 928 2723; x_wconf 93' lang='lat' dir='ltr'>in</span> <span class='ocrx_word' id='word_1_158' title='bbox 958 2660 1025 2723; x_wconf 87' lang='lat' dir='ltr'>hac</span> <span class='ocrx_word' id='word_1_159' title='bbox 1055 2668 1148 2724; x_wconf 86' lang='lat' dir='ltr'>terra</span> <span class='ocrx_word' id='word_1_160' title='bbox 1183 2660 1307 2737; x_wconf 86' lang='lat' dir='ltr'>tristia,</span> <span class='ocrx_word' id='word_1_161' title='bbox 1328 2660 1385 2725; x_wconf 89' lang='lat' dir='ltr'>vel</span> <span class='ocrx_word' id='word_1_162' title='bbox 1494 2690 1503 2707; x_wconf 89' lang='lat'><strong>·</strong></span> 
     </span>
    </p>
   </div>
   <div class='ocr_carea' id='block_1_4' title="bbox 436 2752 1389 3635">
    <p class='ocr_par' dir='ltr' id='par_1_4' title="bbox 436 2752 1389 3635">
     <span class='ocr_line' id='line_1_23' title="bbox 437 2752 1386 2842; baseline 0.005 -22"><span class='ocrx_word' id='word_1_163' title='bbox 437 2757 524 2821; x_wconf 86' lang='lat' dir='ltr'>alias</span> <span class='ocrx_word' id='word_1_164' title='bbox 555 2757 719 2839; x_wconf 83' lang='lat' dir='ltr'>gloriosa,</span> <span class='ocrx_word' id='word_1_165' title='bbox 745 2752 975 2835; x_wconf 73' lang='lat' dir='ltr'>*acciderunt</span> <span class='ocrx_word' id='word_1_166' title='bbox 1007 2766 1176 2842; x_wconf 89' lang='lat' dir='ltr'>quantum</span> <span class='ocrx_word' id='word_1_167' title='bbox 1211 2759 1386 2827; x_wconf 85' lang='lat' dir='ltr'>duntaxat</span> 
     </span>
     <span class='ocr_line' id='line_1_24' title="bbox 436 2859 1387 2941; baseline 0.003 -20"><span class='ocrx_word' id='word_1_168' title='bbox 436 2863 558 2921; x_wconf 87' lang='lat' dir='ltr'>nostra</span> <span class='ocrx_word' id='word_1_169' title='bbox 579 2859 726 2923; x_wconf 87' lang='lat' dir='ltr'>scientia</span> <span class='ocrx_word' id='word_1_170' title='bbox 748 2859 921 2941; x_wconf 79' lang='lat' dir='ltr'>attingere</span> <span class='ocrx_word' id='word_1_171' title='bbox 942 2860 1112 2941; x_wconf 83' lang='lat' dir='ltr'>potuerit3</span> <span class='ocrx_word' id='word_1_172' title='bbox 1136 2860 1327 2941; x_wconf 89' lang='lat' dir='ltr'>praesertim</span> <span class='ocrx_word' id='word_1_173' title='bbox 1344 2860 1387 2924; x_wconf 90' lang='lat' dir='ltr'>de</span> 
     </span>
     <span class='ocr_line' id='line_1_25' title="bbox 436 2956 1387 3041; baseline 0.003 -21"><span class='ocrx_word' id='word_1_174' title='bbox 436 2958 715 3038; x_wconf 79' lang='lat' dir='ltr'>peregrinatione</span> <span class='ocrx_word' id='word_1_175' title='bbox 724 2956 1000 3021; x_wconf 87' lang='lat' dir='ltr'>Christianorum</span> <span class='ocrx_word' id='word_1_176' title='bbox 1013 2959 1051 3022; x_wconf 92' lang='lat' dir='ltr'>in</span> <span class='ocrx_word' id='word_1_177' title='bbox 1066 2957 1268 3036; x_wconf 88' lang='lat' dir='ltr'>Ierusalem,</span> <span class='ocrx_word' id='word_1_178' title='bbox 1283 2978 1387 3041; x_wconf 86' lang='lat' dir='ltr'>quam</span> 
     </span>
     <span class='ocr_line' id='line_1_26' title="bbox 437 3054 1388 3140; baseline 0.006 -23"><span class='ocrx_word' id='word_1_179' title='bbox 437 3054 494 3118; x_wconf 91' lang='lat' dir='ltr'>hic</span> <span class='ocrx_word' id='word_1_180' title='bbox 513 3075 687 3138; x_wconf 88' lang='lat' dir='ltr'>apponere</span> <span class='ocrx_word' id='word_1_181' title='bbox 708 3076 778 3120; x_wconf 92' lang='lat' dir='ltr'>non</span> <span class='ocrx_word' id='word_1_182' title='bbox 804 3057 871 3121; x_wconf 89' lang='lat' dir='ltr'>erit</span> <span class='ocrx_word' id='word_1_183' title='bbox 891 3057 1068 3140; x_wconf 87' lang='lat' dir='ltr'>injurium,</span> <span class='ocrx_word' id='word_1_184' title='bbox 1085 3057 1168 3139; x_wconf 91' lang='lat' dir='ltr'>quia</span> <span class='ocrx_word' id='word_1_185' title='bbox 1189 3064 1261 3122; x_wconf 91' lang='lat' dir='ltr'>tam</span> <span class='ocrx_word' id='word_1_186' title='bbox 1278 3058 1388 3123; x_wconf 83' lang='lat' dir='ltr'>famo·</span> 
     </span>
     <span class='ocr_line' id='line_1_27' title="bbox 437 3154 1386 3241; baseline 0.005 -25"><span class='ocrx_word' id='word_1_187' title='bbox 437 3172 512 3217; x_wconf 87' lang='lat' dir='ltr'>sam</span> <span class='ocrx_word' id='word_1_188' title='bbox 539 3154 737 3219; x_wconf 88' lang='lat' dir='ltr'>hisdiebus</span> <span class='ocrx_word' id='word_1_189' title='bbox 765 3155 1020 3238; x_wconf 87' lang='lat' dir='ltr'>expeditionem</span> <span class='ocrx_word' id='word_1_190' title='bbox 1050 3157 1170 3221; x_wconf 86' lang='lat' dir='ltr'>audire</span> <span class='ocrx_word' id='word_1_191' title='bbox 1200 3157 1247 3220; x_wconf 92' lang='lat' dir='ltr'>sit</span> <span class='ocrx_word' id='word_1_192' title='bbox 1271 3177 1386 3241; x_wconf 81' lang='lat' dir='ltr'>operae</span> 
     </span>
     <span class='ocr_line' id='line_1_28' title="bbox 437 3252 1389 3339; baseline 0.006 -23"><span class='ocrx_word' id='word_1_193' title='bbox 437 3252 586 3335; x_wconf 87' lang='lat' dir='ltr'>pretium</span> <span class='ocrx_word' id='word_1_194' title='bbox 613 3261 648 3319; x_wconf 91' lang='lat' dir='ltr'>et</span> <span class='ocrx_word' id='word_1_195' title='bbox 667 3255 807 3319; x_wconf 85' lang='lat' dir='ltr'>virtutis</span> <span class='ocrx_word' id='word_1_196' title='bbox 829 3256 1102 3320; x_wconf 88' lang='lat' dir='ltr'>incitamentum.</span> <span class='ocrx_word' id='word_1_197' title='bbox 1154 3254 1279 3339; x_wconf 90' lang='lat' dir='ltr'>Neque</span> <span class='ocrx_word' id='word_1_198' title='bbox 1305 3277 1389 3324; x_wconf 90' lang='lat' dir='ltr'>vero</span> 
     </span>
     <span class='ocr_line' id='line_1_29' title="bbox 438 3352 1389 3439; baseline 0.003 -22"><span class='ocrx_word' id='word_1_199' title='bbox 438 3352 572 3417; x_wconf 90' lang='lat' dir='ltr'>confido</span> <span class='ocrx_word' id='word_1_200' title='bbox 589 3353 681 3437; x_wconf 90' lang='lat' dir='ltr'>quod</span> <span class='ocrx_word' id='word_1_201' title='bbox 703 3354 778 3418; x_wconf 88' lang='lat' dir='ltr'>haec</span> <span class='ocrx_word' id='word_1_202' title='bbox 797 3373 819 3417; x_wconf 91' lang='lat' dir='ltr'>a</span> <span class='ocrx_word' id='word_1_203' title='bbox 833 3374 900 3432; x_wconf 93' lang='lat' dir='ltr'>me,</span> <span class='ocrx_word' id='word_1_204' title='bbox 916 3374 1022 3437; x_wconf 92' lang='lat' dir='ltr'>quam</span> <span class='ocrx_word' id='word_1_205' title='bbox 1047 3355 1091 3418; x_wconf 90' lang='lat' dir='ltr'>ab</span> <span class='ocrx_word' id='word_1_206' title='bbox 1106 3354 1184 3418; x_wconf 87' lang='lat' dir='ltr'>aliis</span> <span class='ocrx_word' id='word_1_207' title='bbox 1197 3358 1257 3438; x_wconf 92' lang='lat' dir='ltr'>qui</span> <span class='ocrx_word' id='word_1_208' title='bbox 1279 3358 1389 3439; x_wconf 88' lang='lat' dir='ltr'>scrip·</span> 
     </span>
     <span class='ocr_line' id='line_1_30' title="bbox 437 3453 1388 3537; baseline 0.006 -23"><span class='ocrx_word' id='word_1_209' title='bbox 437 3459 569 3530; x_wconf 86' lang='lat' dir='ltr'>serunt,</span> <span class='ocrx_word' id='word_1_210' title='bbox 585 3453 744 3519; x_wconf 89' lang='lat' dir='ltr'>dicantur</span> <span class='ocrx_word' id='word_1_211' title='bbox 761 3454 973 3518; x_wconf 91' lang='lat' dir='ltr'>commodius</span> <span class='ocrx_word' id='word_1_212' title='bbox 986 3474 995 3533; x_wconf 81' lang='lat'>3</span> <span class='ocrx_word' id='word_1_213' title='bbox 1012 3454 1073 3517; x_wconf 88' lang='lat' dir='ltr'>sed</span> <span class='ocrx_word' id='word_1_214' title='bbox 1086 3460 1138 3530; x_wconf 92' lang='lat' dir='ltr'>ut,</span> <span class='ocrx_word' id='word_1_215' title='bbox 1152 3455 1244 3537; x_wconf 91' lang='lat' dir='ltr'>quod</span> <span class='ocrx_word' id='word_1_216' title='bbox 1261 3475 1282 3519; x_wconf 86' lang='lat' dir='ltr'>a</span> <span class='ocrx_word' id='word_1_217' title='bbox 1297 3456 1388 3519; x_wconf 90' lang='lat' dir='ltr'>mul·</span> 
     </span>
     <span class='ocr_line' id='line_1_31' title="bbox 439 3551 1388 3635; baseline 0.006 -22"><span class='ocrx_word' id='word_1_218' title='bbox 439 3551 484 3614; x_wconf 89' lang='lat' dir='ltr'>tis</span> <span class='ocrx_word' id='word_1_219' title='bbox 510 3552 683 3630; x_wconf 85' lang='lat' dir='ltr'>scribitur,</span> <span class='ocrx_word' id='word_1_220' title='bbox 709 3572 731 3616; x_wconf 90' lang='lat' dir='ltr'>a</span> <span class='ocrx_word' id='word_1_221' title='bbox 753 3552 872 3616; x_wconf 90' lang='lat' dir='ltr'>multis</span> <span class='ocrx_word' id='word_1_222' title='bbox 892 3553 1039 3635; x_wconf 77' lang='lat' dir='ltr'>legatur.</span> <span class='ocrx_word' id='word_1_223' title='bbox 1091 3553 1235 3631; x_wconf 88' lang='lat' dir='ltr'>Verum,</span> <span class='ocrx_word' id='word_1_224' title='bbox 1252 3574 1295 3618; x_wconf 89' lang='lat' dir='ltr'>ne</span> <span class='ocrx_word' id='word_1_225' title='bbox 1315 3562 1388 3618; x_wconf 91' lang='lat' dir='ltr'>tam</span> 
     </span>
    </p>
   </div>
   <div class='ocr_carea' id='block_1_5' title="bbox 375 3649 1389 3834">
    <p class='ocr_par' dir='ltr' id='par_1_5' title="bbox 375 3649 1389 3834">
     <span class='ocr_line' id='line_1_32' title="bbox 438 3649 1389 3737; baseline 0.006 -24"><span class='ocrx_word' id='word_1_226' title='bbox 438 3649 497 3714; x_wconf 92' lang='lat' dir='ltr'>diu</span> <span class='ocrx_word' id='word_1_227' title='bbox 511 3652 710 3733; x_wconf 85' lang='lat' dir='ltr'>prooemiari</span> <span class='ocrx_word' id='word_1_228' title='bbox 726 3652 859 3716; x_wconf 88' lang='lat' dir='ltr'>lecturo</span> <span class='ocrx_word' id='word_1_229' title='bbox 870 3659 1011 3734; x_wconf 78' lang='lat' dir='ltr'>generet</span> <span class='ocrx_word' id='word_1_230' title='bbox 1022 3671 1200 3730; x_wconf 87' lang='lat' dir='ltr'>nauseam,</span> <span class='ocrx_word' id='word_1_231' title='bbox 1210 3653 1285 3737; x_wconf 87' lang='lat' dir='ltr'>jam</span> <span class='ocrx_word' id='word_1_232' title='bbox 1297 3674 1389 3719; x_wconf 90' lang='lat' dir='ltr'>nunc</span> 
     </span>
     <span class='ocr_line' id='line_1_33' title="bbox 375 3750 878 3834; baseline 0 -19"><span class='ocrx_word' id='word_1_233' title='bbox 375 3814 379 3823; x_wconf 84' lang='grc'>,</span> <span class='ocrx_word' id='word_1_234' title='bbox 437 3750 530 3833; x_wconf 94' lang='lat' dir='ltr'>quod</span> <span class='ocrx_word' id='word_1_235' title='bbox 546 3751 687 3825; x_wconf 84' lang='lat' dir='ltr'>intendo</span> <span class='ocrx_word' id='word_1_236' title='bbox 702 3752 878 3834; x_wconf 86' lang='lat' dir='ltr'>incipiam.</span> 
     </span>
    </p>
   </div>
   <div class='ocr_carea' id='block_1_6' title="bbox 719 3915 1114 3965">
    <p class='ocr_par' dir='ltr' id='par_1_6' title="bbox 719 3915 1114 3965">
     <span class='ocr_line' id='line_1_34' title="bbox 719 3915 1114 3965; baseline 0.003 -3"><span class='ocrx_word' id='word_1_237' title='bbox 719 3916 890 3963; x_wconf 78' lang='lat' dir='ltr'>EXPLICIT</span> <span class='ocrx_word' id='word_1_238' title='bbox 913 3915 1114 3965; x_wconf 80' lang='lat' dir='ltr'><strong>PROLOGUS.</strong></span> 
     </span>
    </p>
   </div>
   <div class='ocr_carea' id='block_1_7' title="bbox 438 4159 1390 4435">
    <p class='ocr_par' dir='ltr' id='par_1_7' title="bbox 438 4159 1390 4294">
     <span class='ocr_line' id='line_1_35' title="bbox 474 4159 1390 4226; baseline -0.001 -16"><span class='ocrx_word' id='word_1_239' title='bbox 474 4159 642 4225; x_wconf 77' lang='lat' dir='ltr'>¹Amicitioe.]</span> <span class='ocrx_word' id='word_1_240' title='bbox 658 4164 692 4213; x_wconf 76' lang='lat' dir='ltr'>A.</span> <span class='ocrx_word' id='word_1_241' title='bbox 710 4163 739 4214; x_wconf 76' lang='lat' dir='ltr'>S.</span> <span class='ocrx_word' id='word_1_242' title='bbox 755 4163 791 4213; x_wconf 89' lang='lat' dir='ltr'>D.</span> <span class='ocrx_word' id='word_1_243' title='bbox 809 4164 840 4214; x_wconf 85' lang='lat' dir='ltr'>E.</span> <span class='ocrx_word' id='word_1_244' title='bbox 851 4164 899 4224; x_wconf 79' lang='lat'>1..;</span> <span class='ocrx_word' id='word_1_245' title='bbox 960 4160 971 4192; x_wconf 78' lang='lat'>³</span> <span class='ocrx_word' id='word_1_246' title='bbox 988 4163 1050 4213; x_wconf 73' lang='lat' dir='ltr'>duri</span> <span class='ocrx_word' id='word_1_247' title='bbox 1071 4162 1215 4226; x_wconf 70' lang='lat' dir='ltr'>concinere]</span> <span class='ocrx_word' id='word_1_248' title='bbox 1233 4162 1266 4212; x_wconf 78' lang='lat' dir='ltr'>A.</span> <span class='ocrx_word' id='word_1_249' title='bbox 1288 4162 1321 4211; x_wconf 83' lang='grc' dir='ltr'>Ε.</span> <span class='ocrx_word' id='word_1_250' title='bbox 1340 4162 1390 4226; x_wconf 79' lang='lat'>1..;</span> 
     </span>
     <span class='ocr_line' id='line_1_36' title="bbox 438 4231 1214 4294; baseline 0.003 -14"><span class='ocrx_word' id='word_1_251' title='bbox 438 4231 614 4292; x_wconf 82' lang='lat' dir='ltr'>amicitiarum,</span> <span class='ocrx_word' id='word_1_252' title='bbox 628 4234 657 4281; x_wconf 83' lang='lat' dir='ltr'>C.</span> <span class='ocrx_word' id='word_1_253' title='bbox 925 4233 973 4281; x_wconf 86' lang='lat' dir='ltr'>viri</span> <span class='ocrx_word' id='word_1_254' title='bbox 983 4233 1124 4294; x_wconf 85' lang='lat' dir='ltr'>concinere,</span> <span class='ocrx_word' id='word_1_255' title='bbox 1136 4233 1167 4282; x_wconf 86' lang='lat' dir='ltr'>G.</span> <span class='ocrx_word' id='word_1_256' title='bbox 1182 4232 1214 4282; x_wconf 89' lang='lat' dir='ltr'>D.</span> 
     </span>
    </p>

    <p class='ocr_par' dir='ltr' id='par_1_8' title="bbox 438 4296 1388 4435">
     <span class='ocr_line' id='line_1_37' title="bbox 473 4296 1388 4371; baseline -0.001 -22"><span class='ocrx_word' id='word_1_257' title='bbox 473 4297 621 4363; x_wconf 74' lang='lat' dir='ltr'>’Sanctua.]</span> <span class='ocrx_word' id='word_1_258' title='bbox 644 4299 677 4351; x_wconf 75' lang='lat' dir='ltr'>A.</span> <span class='ocrx_word' id='word_1_259' title='bbox 698 4302 727 4351; x_wconf 83' lang='lat'>0.</span> <span class='ocrx_word' id='word_1_260' title='bbox 746 4302 780 4352; x_wconf 90' lang='lat' dir='ltr'>D.</span> <span class='ocrx_word' id='word_1_261' title='bbox 801 4304 832 4353; x_wconf 83' lang='grc' dir='ltr'>Ε.</span> <span class='ocrx_word' id='word_1_262' title='bbox 850 4302 898 4361; x_wconf 79' lang='lat' dir='ltr'>L.;</span> <span class='ocrx_word' id='word_1_263' title='bbox 961 4296 1152 4371; x_wconf 78' lang='lat' dir='ltr'>‘Accideraat.]</span> <span class='ocrx_word' id='word_1_264' title='bbox 1164 4302 1197 4351; x_wconf 78' lang='lat' dir='ltr'>A.</span> <span class='ocrx_word' id='word_1_265' title='bbox 1211 4302 1240 4351; x_wconf 81' lang='lat' dir='ltr'>S.</span> <span class='ocrx_word' id='word_1_266' title='bbox 1249 4300 1284 4351; x_wconf 94' lang='lat' dir='ltr'>D.</span> <span class='ocrx_word' id='word_1_267' title='bbox 1296 4301 1329 4350; x_wconf 85' lang='grc' dir='ltr'>Ε.</span> <span class='ocrx_word' id='word_1_268' title='bbox 1338 4301 1369 4350; x_wconf 90' lang='lat' dir='ltr'>L.</span> <span class='ocrx_word' id='word_1_269' title='bbox 1381 4316 1388 4361; x_wconf 79' lang='lat'>3</span> 
     </span>
     <span class='ocr_line' id='line_1_38' title="bbox 438 4368 1104 4435; baseline 0 -15"><span class='ocrx_word' id='word_1_270' title='bbox 438 4369 541 4420; x_wconf 85' lang='lat' dir='ltr'>omitted</span> <span class='ocrx_word' id='word_1_271' title='bbox 551 4368 578 4417; x_wconf 91' lang='lat' dir='ltr'>in</span> <span class='ocrx_word' id='word_1_272' title='bbox 589 4370 618 4419; x_wconf 77' lang='lat' dir='ltr'>S.</span> <span class='ocrx_word' id='word_1_273' title='bbox 925 4372 1061 4435; x_wconf 74' lang='lat' dir='ltr'>contigere,</span> <span class='ocrx_word' id='word_1_274' title='bbox 1075 4374 1104 4422; x_wconf 86' lang='lat' dir='ltr'>C.</span> 
     </span>
    </p>
   </div>
   <div class='ocr_carea' id='block_1_8' title="bbox 0 0 1591 5025">
    <p class='ocr_par' dir='ltr' id='par_1_9' title="bbox 0 0 1591 5025">
     <span class='ocr_line' id='line_1_39' title="bbox 0 0 1591 5025; baseline 0 0"><span class='ocrx_word' id='word_1_275' title='bbox 0 0 1591 5025; x_wconf 95' lang='lat' dir='ltr'> </span> 
     </span>
    </p>
   </div>
  </div>
 </body>
</html>
