3142 5025
262 3048 317 3087 ab.
329 3048 384 3086 1099.

402 480 467 543 502
617 492 729 540 cusan
754 491 881 539 aucun
905 493 1119 540 nnoronuu.
1197 476 1351 557 [urnw.

406 645 462 709 Ex
478 642 532 707 his
547 641 614 706 fuit
631 642 828 707 Willelmus
852 642 895 706 de
910 641 1066 719 Alderia,
1084 642 1251 724 speciosae
1273 659 1351 721 per-

406 763 502 808 sonae
515 742 618 807 homo
633 749 669 805 et
683 748 861 824 compater
877 743 978 824 regis.
1032 741 1070 805 Is
1086 741 1242 824 patibulo
1259 737 1352 819 affigi
1374 817 1378 823 ῃ

403 845 535 928 jussus,
554 840 733 928 Osmundo
758 841 920 924 episcopo
945 841 1142 905 Saiesbiriae
1163 838 1353 914 confessus,

409 949 445 1006 et
471 961 534 1024 per
573 959 691 1005 omnes
718 941 881 1005 ecclesias
911 942 1029 1024 oppidi
1059 939 1256 1022 flagellatus
1288 944 1352 1001 est.

410 1042 548 1124 Itaque,
561 1040 726 1123 dispersis
751 1041 796 1104 ad
818 1041 939 1124 inopes
952 1041 1119 1116 vestibus,
1141 1039 1186 1103 ad
1210 1055 1355 1119 suspen-

410 1141 505 1205 dium
519 1141 632 1204 nudus
646 1140 720 1204 ibat
733 1160 752 1219 ;Ι
765 1140 949 1204 delicatam
963 1158 1102 1203 carnem
1118 1136 1356 1222 frequentibus

411 1260 515 1323 super
537 1239 669 1322 lapides
693 1238 1002 1321 genuflectionibus
1026 1246 1220 1303 cruentans.
1273 1235 1357 1318 Epi-

412 1359 517 1423 scopo
536 1346 572 1402 et
587 1339 716 1421 populo
739 1347 904 1420 sequente
927 1338 971 1403 ad
993 1340 1107 1402 iocum
1124 1335 1285 1420 supplicii
1306 1335 1358 1398 ita

412 1438 601 1504 satisfecit:
626 1437 727 1514 ‘Sic,'
748 1438 874 1520 inquit,
900 1439 1066 1522 ‘adjuvet
1085 1438 1182 1500 Deus
1207 1435 1357 1498 animam

412 1557 524 1602 meam
550 1543 584 1600 et
605 1555 627 1599 a
652 1535 753 1598 malis
769 1530 919 1613 ¹liberet‚
945 1531 1057 1600 ut²de
1083 1555 1120 1599 re
1142 1535 1185 1598 de
1207 1552 1278 1616 qua
1302 1551 1357 1596 ac-

414 1656 516 1700 cusor
537 1635 698 1698 immunis
716 1655 814 1699 sum:
839 1636 1027 1718 etquidem
1044 1635 1217 1699 sententia
1238 1632 1281 1695 de
1303 1651 1358 1695 me

414 1736 552 1819 prolata
566 1753 636 1797 non
656 1735 888 1811 revocabitur,
901 1735 962 1798 sed
976 1736 1056 1799 volo
1072 1753 1190 1798 omnes
1205 1731 1359 1796 homines

414 1835 619 1898 innocentiae
630 1852 715 1896 meae
728 1853 804 1898 esse
819 1833 999 1898 conscios!
1015 1895 1022 1908 ,
1048 1835 1147 1898 Tunc
1160 1833 1254 1897 dicta
1267 1849 1360 1895 oom-

416 1932 633 1997 mendatione
657 1933 794 2009 animae,
821 1940 856 1997 et
882 1953 1024 2015 aspersa
1050 1952 1141 2017 aqua
1168 1929 1360 2006 benedicta,

416 2033 598 2115 episcopus
613 2031 782 2097 discessit.
825 2032 891 2097 Ille
906 2051 1079 2115 appensus
1094 2040 1148 2096 est
1160 2027 1361 2094 admirando

417 2130 629 2196 fortitudinis
653 2131 864 2213 spectaculo,
887 2139 925 2196 ut
950 2153 1014 2196 nec
1041 2133 1228 2196 moriturus
1255 2128 1362 2210 gemi-

418 2240 504 2306 tum,
521 2250 584 2293 nee
599 2231 749 2294 moriens
764 2231 971 2313 produceret
986 2232 1182 2315 suspirium.

470 2329 575 2412 §320.
600 2328 838 2394 Veruntamen
853 2337 934 2394 sunt
948 2332 1108 2413 quaedam
1121 2331 1164 2394 de
1178 2349 1258 2411 rege
1274 2349 1363 2412 prae-

421 2428 524 2492 clarae
540 2430 837 2511 magnanimitatis
850 2432 1022 2521 exempla,
1039 2450 1117 2513 quae
1130 2430 1278 2513 posteris
1296 2447 1365 2492 non

420 2530 593 2593 invidebo.
644 2530 834 2594 Venationi
852 2531 888 2593 in
904 2532 1053 2611 quadam
1074 2530 1175 2613 sylva
1196 2530 1365 2593 intentum

421 2629 567 2691 nuncius
592 2628 741 2692 detinuit
765 2648 811 2691 ex
836 2630 1076 2693 transmarinis
1100 2629 1273 2711 partibus,
1304 2629 1364 2691 ob·

421 2746 552 2791 sessam
575 2746 651 2791 esse
672 2728 848 2791 civitatem
868 2727 1105 2803 cinomannis,
1131 2747 1235 2811 quam
1258 2747 1368 2810 nuper

421 2825 528 2890 fratre
551 2826 706 2908 profecto
729 2846 803 2890 suae
824 2828 990 2909 potestati
1005 2828 1190 2912 adjecerat.
1241 2826 1367 2890 Statim

422 2945 506 3006 ergo
530 2935 571 2988 ut
596 2924 778 3006 expeditus
809 2934 885 2990 erat
909 2929 1049 2992 retorsit
1071 2946 1210 3010 equum,
1234 2927 1301 2990 iter
1322 2926 1366 2990 ad

422 3043 516 3087 mare
541 3031 757 3089 convertens.
808 3023 1083 3091 Admonentibus
1104 3026 1249 3090 ducibus
1270 3045 1367 3089 exer·

422 3124 528 3186 citum
553 3122 803 3200 advocandum,
826 3132 968 3206 paratos
993 3125 1259 3209 componendos
1279 3124 1367 3188 ‘Vi·
1397 3134 1401 3141 '

422 3222 533 3299 debo,'
557 3215 636 3300 ³ait,
662 3224 760 3305 ‘quis
785 3243 840 3287 me
861 3233 1043 3306 sequetur3
1066 3226 1198 3308 putatis
1221 3244 1368 3289 menon

423 3321 621 3385 habiturum
644 3321 824 3387 homines?
849 3324 879 3387 si
898 3327 1046 3406 cognovi
1062 3325 1283 3409 juventutem
1297 3344 1368 3387 me·

423 3440 492 3497 am,
507 3421 610 3485 etiam
624 3422 806 3504 naufragio
831 3423 875 3486 ad
898 3444 953 3487 me
966 3426 1104 3488 venisse
1119 3423 1236 3487 volet.'
1289 3422 1369 3487 Hoc

422 3518 531 3602 igitur
547 3519 648 3583 modo
663 3540 750 3603 pene
773 3522 868 3585 solus
887 3523 929 3586 ad
945 3543 1039 3586 mare
1062 3523 1231 3606 pervenit.
1283 3523 1370 3585 Erat

423 3626 506 3683 tunc
522 3620 660 3683 nubilus
675 3640 735 3684 aer
748 3626 784 3683 et
800 3628 925 3685 ventus
940 3624 1153 3700 contrarius3
1177 3621 1282 3685 flatus
1295 3622 1370 3686 vio-

422 3718 530 3783 lentia
544 3726 644 3801 terga
658 3720 762 3783 maris
781 3722 951 3785 verrebat.
1005 3721 1111 3785 Illum
1128 3722 1246 3785 statim
1258 3728 1370 3784 trans·

422 3817 550 3882 fretare
567 3820 739 3883 volentem
761 3828 878 3884 nautae
893 3828 1042 3886 exorant
1058 3828 1097 3885 ut
1113 3840 1231 3903 pacem
1256 3821 1371 3903 pelagi

458 4052 466 4084 ¹
479 4056 600 4119 Liberat]
613 4056 645 4107 A.
656 4057 690 4107 D.
702 4058 732 4107 Ε.
740 4057 772 4107 L.
783 4073 791 4117 ς
802 4062 885 4119 eruat,
910 4074 936 4106 re
948 4074 1009 4120 qua,
1020 4059 1053 4109 A.
1067 4061 1096 4108 C.
1110 4061 1133 4108 Ε
1140 4064 1164 4108 2.
1177 4061 1223 4120 L.;
1240 4062 1272 4109 de
1284 4062 1331 4112 bac
1342 4078 1369 4112 re

423 4124 452 4173 S.
467 4126 496 4173 C.
910 4128 1011 4189 qua,S.

943 4195 1033 4261 uia]
1058 4197 1091 4246 A.
1111 4199 1144 4247 D.
1166 4201 1197 4247 Ε.
1217 4201 1264 4260 L.;
1282 4203 1372 4263 inquit,

457 4260 517 4310 ²De
537 4277 563 4310 re
582 4259 695 4331 deque]
715 4266 749 4314 D.
766 4267 836 4325 El.;
853 4267 885 4314 da
911 4267 939 4314 S.
954 4268 983 4315 C.
