3142 5025
395 521 461 585 460
616 537 729 585 ossus
753 531 880 584 aucun
904 496 1119 582 suenorum.
1185 517 1347 597 [maun

397 691 543 768 faciunt,
567 693 723 756 exercitu
754 700 888 769 coacto,
914 690 1099 755 Franciam
1123 687 1269 754 infestus
1296 691 1349 754 in·

400 793 566 874 graditur.
611 790 739 856 Omnia
753 792 911 874 proterit,
925 797 1051 854 cuncta
1069 790 1276 872 populatur3
1299 790 1351 854 ni·

401 892 451 955 hil
465 900 541 956 erat
555 892 647 973 quod
661 892 809 955 firrentis
827 891 980 954 animum
999 890 1187 972 mitigaret,
1203 896 1244 952 ut
1258 889 1351 973 inju-

403 992 489 1055 riam
502 992 690 1055 insolenter
705 997 883 1074 acceptam
896 990 1083 1054 multorum
1097 989 1277 1072 dispendio
1296 989 1350 1052 ul·

403 1091 598 1155 cisceretur.
645 1090 826 1155 Postremo
858 1090 1063 1153 Medantum
1092 1090 1269 1153 civitatem
1297 1090 1351 1152 in·

399 1191 503 1275 jectis
527 1190 665 1273 ignibus
694 1190 873 1267 cremavit,
897 1191 1078 1253 combusta
1107 1188 1178 1253 illic
1206 1189 1354 1252 ecclesia

405 1297 534 1354 sanctae
559 1290 703 1369 Mariae3
729 1290 865 1354 reclusa
888 1307 959 1352 una
981 1288 1147 1365 ustulata,
1170 1307 1248 1370 quae
1274 1307 1352 1371 spe-

406 1389 508 1454 laeum
534 1408 635 1454 suum
663 1391 784 1454 necin
811 1388 874 1453 tali
898 1387 1103 1453 necessitate
1127 1388 1353 1452 deserendum

406 1489 570 1572 putavit3
611 1490 759 1553 fortunae
798 1507 917 1552 omnes
954 1488 1081 1552 civium
1120 1485 1352 1570 pessundatae.

246 1611 287 1650 m·
296 1610 337 1649 ne
349 1608 380 1648 n-
409 1589 489 1667 Quo
503 1592 665 1652 successu
678 1588 906 1665 exhilaratus,
920 1587 1003 1650 dum
1017 1607 1100 1652 suos
1119 1587 1285 1650 audacius
1299 1587 1353 1650 iu-

246 1672 302 1708 ¹¹²⁸⁸’
407 1688 494 1753 citat
516 1696 556 1752 ut
578 1688 652 1770 igni
677 1688 845 1772 adjiciant
869 1687 1009 1769 pabula,
1033 1688 1175 1770 propius
1198 1687 1355 1750 flammas

408 1788 607 1865 succedens,
621 1788 689 1852 foci
710 1787 826 1852 calore
848 1793 884 1850 et
904 1787 1115 1851 autumnalis
1138 1794 1245 1852 aestus
1271 1787 1354 1850 inae·

408 1888 578 1971 qualitate
605 1889 761 1951 morbum
791 1893 915 1950 nactus
943 1893 1008 1951 est.
1060 1886 1190 1950 Dicunt
1214 1886 1357 1968 quidam

409 1987 501 2071 quod
527 1995 740 2071 praeruptam
761 1986 891 2050 fossam
917 1987 1057 2069 sonipes
1082 1986 1280 2050 transiliens
1301 1987 1355 2049 in·

411 2096 553 2152 teranea
574 2088 718 2151 sessoris
738 2080 899 2168 ¹ruperit,
917 2085 1009 2168 quod
1021 2087 1059 2148 in
1074 2086 1237 2150 anteriori
1258 2093 1358 2167 parte

410 2187 505 2251 sellae
519 2199 640 2252 venter
661 2187 921 2270 protuberabat.
973 2185 1054 2250 Hoc
1073 2185 1191 2250 dolore
1215 2185 1358 2250 affectus

410 2288 564 2369 receptui
587 2287 659 2351 suis
681 2287 828 2365 cecinit3
855 2285 1159 2368 Rotomagumque
1186 2304 1358 2363 reversus,

411 2393 585 2450 crescente
625 2387 735 2451 indies
774 2385 1003 2462 incommodo,
1040 2384 1131 2449 lecto
1174 2386 1358 2468 excipitur.

413 2485 573 2552 Consulti
597 2487 719 2551 medici
743 2486 958 2569 inspectione
982 2484 1092 2549 urinae
1114 2492 1244 2549 certam
1270 2504 1361 2549 mor-

413 2594 482 2651 tem
506 2586 710 2670 praedixere.
763 2584 844 2665 Quo
859 2586 977 2651 audito
994 2586 1208 2667 querimonia
1221 2585 1360 2649 domum

413 2686 571 2768 replevit,
594 2686 684 2767 quod
708 2705 785 2749 eum
805 2691 1063 2767 praeoccuparet
1084 2704 1177 2749 mors
1201 2686 1361 2749 emenda·

379 2852 381 2857 ,
414 2786 542 2849 tionem
556 2786 638 2849 vitae
649 2785 857 2869 jamdudum
879 2784 1115 2849 meditantem.
1167 2783 1361 2867 Resumpto

416 2884 543 2962 animo,
560 2904 638 2966 quae
653 2884 843 2949 Christiani
859 2891 941 2949 sunt
959 2892 1127 2948 executus
1150 2891 1203 2948 est
1221 2886 1260 2948 in
1280 2904 1363 2950 con-

416 2983 566 3048 sessione
579 2991 615 3048 et
629 2985 769 3049 viatico.
823 2983 1075 3047 Normanniam
1099 2984 1229 3048 invitus
1251 2990 1287 3047 et
1305 3004 1361 3048 co-

417 3095 516 3146 actus
541 3082 710 3161 Roberto,
732 3081 898 3165 Angliam
913 3083 1100 3160 Willelmo,
1128 3084 1363 3166 possessiones

415 3189 590 3246 maternas
601 3181 950 3264 Henricodelegavit.
988 3182 1137 3247 Vinctos
1149 3202 1232 3247 suos
1245 3202 1364 3247 omnes

416 3281 516 3345 educi
538 3289 573 3346 et
598 3282 699 3360 solvi,
723 3282 906 3346 thesauros
928 3281 1040 3346 efferri
1063 3289 1100 3346 et
1122 3282 1274 3348 ecclesiis
1291 3283 1362 3346 dis-

416 3381 526 3463 pergi,
549 3383 725 3465 praecepit.
777 3381 919 3445 Certum
944 3401 1125 3445 numerum
1139 3382 1295 3464 pecuniae
1318 3381 1362 3445 ad

415 3482 667 3563 reparationem
694 3482 848 3546 ecclesiae
877 3501 988 3564 nuper
1018 3490 1179 3545 crematae
1208 3483 1284 3565 ipse
1310 3481 1365 3544 in-

255 3592 395 3683 gdtdppp?
415 3580 514 3645 dixit.
560 3580 738 3645 Ordinatis
767 3602 851 3663 ergo
880 3582 967 3645 bene
996 3583 1111 3658 rebus,
1134 3589 1259 3646 octavo
1284 3579 1362 3645 idus

282 3654 312 3692 ρ’
333 3670 338 3691 ’
397 3671 627 3763 'Septembris
644 3682 803 3756 decessit,
819 3700 911 3744 anno
930 3681 1028 3763 regni
1041 3674 1222 3745 ²vicesim0
1240 3681 1364 3763 primo,

415 3782 599 3847 comitatus
614 3780 900 3865 quinquagesimo
916 3781 1078 3858 secundo,
1094 3781 1176 3845 vitae
1191 3781 1362 3862 quinqua-

415 3881 546 3961 gesimo
571 3901 675 3958 nono,
697 3880 888 3944 Dominicae
910 3879 1157 3944 incarnationis
1180 3880 1361 3944 millesimo

415 3981 626 4061 octogesimo
647 3980 806 4062 septimo.
860 3979 926 4043 Ille
948 3979 1013 4043 fuit
1036 3999 1149 4043 annus
1162 4000 1231 4061 quo
1248 3978 1363 4043 Cnuto

450 4246 456 4277 ¹
478 4250 604 4313 Raparia]
632 4253 700 4311 Ε1.;
729 4252 876 4313 disruperit,
935 4248 1078 4300 'Vicesimo
1094 4252 1195 4315 prima]
1215 4254 1245 4301 0.
1264 4253 1296 4302 D.
1312 4254 1362 4312 E.;

413 4318 446 4369 A.
460 4320 488 4369 S.
503 4323 531 4369 C.
545 4322 578 4369 D.
595 4322 615 4369 E
623 4326 647 4371 2.
661 4322 691 4369 t.
893 4322 1149 4384 vicesimosecundo,
1162 4322 1189 4372 S.
1203 4323 1258 4371 Η.
