3142 5025
390 532 457 598 492
619 548 734 596 onem
757 547 886 595 anouu
909 545 1123 594 nacionum
1195 529 1279 610 [mn.
1296 545 1346 592 iv.

392 709 532 791 mulque
553 707 729 773 confidens
743 707 876 772 nullum
893 706 959 770 sibi
975 725 1139 770 ausurum
1153 705 1343 770 obsistere:

393 828 545 892 moxque
569 809 685 873 occiso
708 809 773 872 sub
797 806 995 872 foeminibus
1017 806 1222 870 deturbatus
1243 825 1346 888 equo,

396 929 498 993 quem
521 928 562 973 eo
587 908 643 972 die
669 907 862 991 quindecim
892 907 1017 971 marcis
1041 906 1179 988 argenti
1202 912 1346 982 emerat,

395 1009 499 1074 etiam
513 1028 575 1091 per
588 1007 710 1091 pedem
726 1007 786 1070 diu
801 1013 934 1071 tractus
948 1014 1003 1070 est
1015 1026 1024 1083 3
1047 1006 1108 1069 sed
1122 1004 1207 1069 fides
1229 1005 1346 1069 loricae

395 1108 533 1173 obstitit
548 1127 592 1172 ne
605 1107 802 1172 laederetur.
853 1105 1004 1189 Jamque
1024 1105 1123 1170 miles
1137 1104 1197 1188 qui
1211 1104 1345 1188 dejece-

396 1214 453 1271 rat
473 1226 614 1271 manum
636 1206 681 1271 ad
705 1206 867 1289 capulum
887 1207 1033 1288 aptabat
1055 1211 1096 1268 ut
1116 1204 1247 1282 feriret,
1265 1224 1344 1268 cum

395 1306 468 1384 ille,
484 1307 639 1389 periculo
654 1312 810 1371 extremo
833 1305 988 1382 territus,
1002 1304 1190 1381 exclamat,
1212 1303 1345 1381 ‘Tolle

398 1406 543 1472 nebulo!
570 1425 634 1470 rex
648 1404 790 1488 Angliae
816 1424 893 1469 sum
904 1405 926 1469 l'
976 1403 1146 1482 Tremuit,
1161 1411 1246 1468 nota
1260 1422 1346 1468 voce

393 1505 557 1590 jacentis,
584 1505 711 1587 vulgus
738 1504 906 1584 militum3
934 1505 1124 1587 statimque
1145 1510 1349 1568 reverenter

397 1605 441 1670 de
466 1612 560 1670 terra
580 1604 697 1670 levato
716 1624 843 1687 equum
862 1604 1009 1668 alterum
1030 1603 1217 1668 adducunt.
1269 1602 1349 1681 Ille,

398 1723 468 1768 non
494 1711 679 1788 expectato
708 1704 918 1781 ascensorio,
948 1703 1148 1787 sonipedem
1180 1702 1349 1781 insiliens,

335 1867 338 1873 .
399 1821 585 1887 omnesque
597 1805 861 1868 circumstantes
877 1803 994 1867 vivido
1012 1803 1248 1886 perstringens
1266 1821 1348 1866 ocn-

399 1903 446 1980 lo,
469 1902 606 1981 ‘Quis'
624 1904 749 1986 inquit,
763 1909 841 1966 ‘me
863 1901 990 1986 dejecit
1000 1903 1027 1966 ‘l'
1078 1902 1349 1967 Mussitantibns

400 2003 546 2080 cunctis
573 2003 671 2067 miles
693 2002 834 2067 audacis
855 2002 939 2066 facti
961 2002 1120 2066 conscius
1145 2021 1216 2066 non
1239 2000 1348 2066 defuit

401 2102 594 2184 patrocinio
607 2121 683 2179 suo,
698 2102 835 2167 dicens:
861 2101 971 2184 ‘Ego,
985 2102 1045 2184 qui
1059 2109 1095 2166 te
1108 2121 1178 2165 non
1191 2109 1350 2185 putarem

403 2221 479 2267 esse
504 2221 633 2284 regem,
658 2202 719 2265 sed
743 2201 912 2266 militem.’
963 2200 1054 2265 Tum
1078 2220 1162 2265 vero
1187 2221 1249 2265 rex
1274 2201 1350 2283 pla·

403 2301 513 2379 eidus,
527 2302 695 2385 vultuque
717 2320 872 2378 serenus,
888 2294 1001 2365 ‘¹Per
1018 2301 1178 2378 vultum,'
1197 2300 1259 2378 ait,
1282 2301 1351 2365 ‘de

404 2400 523 2477 Luca,'
539 2394 606 2488 (sic
624 2402 715 2466 enim
735 2397 909 2486 jurabat)
925 2406 1044 2465 ‘meus
1060 2420 1084 2465 a
1099 2400 1201 2465 modo
1218 2401 1298 2479 eris,
1315 2408 1352 2465 et

403 2521 479 2567 meo
503 2500 582 2566 albo
599 2503 749 2567 insertus
771 2501 955 2566 laudabilis
976 2500 1112 2565 militiae
1132 2501 1275 2585 praemia
1295 2522 1349 2566 re-

403 2602 582 2683 portabis'
633 2602 751 2666 Macte
781 2602 888 2665 animi
915 2601 1125 2684 amplissime
1152 2621 1228 2678 rex,
1258 2602 1352 2684 quod

404 2700 467 2765 tibi
487 2701 699 2784 praeconium
725 2720 830 2784 super
850 2700 916 2765 hoe
938 2702 1031 2765 dicto
1053 2701 1267 2784 rependam?
1317 2700 1352 2766 A

404 2801 522 2882 magni
547 2801 720 2883 quondam
744 2800 940 2866 Alexandri
962 2821 1032 2865 non
1057 2800 1208 2882 degener
1229 2799 1354 2882 gloria,

404 2900 464 2980 qui
492 2900 636 2965 Persam
648 2900 802 2965 militem
824 2920 862 2965 se
886 2920 908 2964 a
929 2907 1030 2983 tergo
1054 2899 1156 2965 ferire
1177 2908 1352 2978 conatum,

404 2998 465 3062 sed
489 3020 552 3082 pro
577 3000 721 3082 perfidia
742 3000 835 3064 ensis
857 3019 919 3083 spe
944 3019 1009 3064 sua
1031 2999 1245 3078 frustratum,
1259 3001 1354 3064 inco-

403 3097 530 3162 lumem
544 3119 609 3181 pro
624 3099 851 3164 admiratione
867 3100 1081 3165 fortitudinis
1095 3100 1325 3166 conservavit.

519 3288 566 3334 DE
589 3288 879 3340 MANSUETUDINE
902 3290 1048 3340 coululs
1071 3292 1243 3340 ROBERTI.

243 3400 396 3493 ffiii‘lffi‘
457 3394 568 3477 §alu
592 3394 616 3459 J
619 3415 675 3459 am
696 3416 779 3462 vero
803 3407 844 3463 ut
867 3399 911 3463 de
936 3399 1200 3463 mansuetudine
1222 3399 1357 3463 comitis

405 3493 529 3558 dicam.
582 3494 671 3559 Cum
701 3497 835 3562 obsidio
863 3519 905 3564 eo
928 3519 1039 3581 usque
1062 3499 1288 3582 processisset
1316 3506 1359 3562 ut

405 3612 497 3676 aqua
523 3592 658 3658 deesset
674 3597 852 3675 obsessis,
883 3600 977 3663 misit
1009 3598 1184 3663 Henricus
1212 3599 1356 3663 nuncios

445 3840 511 3892 ¹Per
517 3844 611 3893 vultum
620 3878 647 3895 ...
655 3846 684 3893 de
692 3845 781 3908 Luca]
790 3845 872 3894 These
882 3837 885 3872 ¹
897 3844 958 3906 they
969 3845 1084 3907 pretend.
1119 3846 1191 3907 They
1210 3847 1260 3895 call
1278 3847 1299 3895 it
1309 3848 1327 3876 “
1335 3848 1359 3896 Il

408 3914 493 3962 words
504 3913 569 3963 hare
586 3914 649 3963 been
660 3914 873 3976 frequentlymis·
898 3920 971 3964 santo
994 3916 1062 3964 volto
1088 3915 1116 3964 di
1142 3915 1262 3965 Lueca:”
1290 3918 1311 3965 it
1335 3919 1359 3967 is

408 3983 547 4032 translated
568 3985 621 4033 into
640 3985 699 4045 ‘By
721 3985 758 4033 St.
776 3985 872 4034 Luhe’s
897 3984 1013 4046 stamped
1030 4000 1062 4034 on
1077 3985 1144 4034 their
1153 3987 1223 4035 coins
1234 3986 1297 4035 with
1307 3986 1359 4037 this

408 4050 465 4100 face
474 4053 490 4100 l’
500 4052 615 4101 whereas
627 4054 647 4103 it
658 4069 744 4103 means
761 4054 820 4116 ‘By
830 4054 873 4103 the
897 4053 998 4117 legend,
1009 4055 1026 4082 “
1034 4056 1142 4104 Sanctus
1153 4056 1240 4105 vultus
1256 4056 1289 4105 de
1306 4058 1359 4105 Lu·

409 4121 625 4171 leceatLuecal’
660 4124 728 4172 Lord
744 4123 873 4185 Lyttleton
898 4124 973 4173 ea.’'’
998 4124 1178 4174 inanitalian
1188 4126 1265 4188 book,
1275 4126 1359 4177 called

410 4192 588 4252 says‚‘There
599 4193 622 4241 is
633 4196 660 4241 et
671 4193 758 4243 Lucca
769 4195 797 4243 in
808 4194 874 4243 Tus·
898 4194 939 4242 ‘ll
968 4194 1109 4244 Forestiere
1131 4195 1264 4245 informato
1291 4197 1358 4246 delle

410 4274 475 4320 cany
487 4275 519 4308 an
530 4262 630 4310 ancient
641 4263 720 4323 figure
737 4264 767 4312 of
775 4263 874 4325 Christ,
899 4278 957 4312 cose
979 4264 1006 4312 di
1028 4264 1133 4325 Lucca,'
1154 4265 1205 4314 this
1226 4266 1317 4329 legend
1336 4267 1359 4315 is

409 4329 518 4391 brought
540 4330 609 4380 there
631 4332 822 4395 mnaculeusly,
843 4348 872 4383 es
899 4334 974 4395 given
993 4334 1020 4382 in
1038 4334 1207 4396 greatdetail.
1243 4336 1297 4385 The
1314 4351 1360 4385 eu·
