3142 5025
206 510 355 590 mern]
433 525 546 574 ossus
570 527 696 575 nacon
721 526 935 575 nncnonun.
1088 508 1157 573 509

210 683 269 764 qui
285 683 327 747 de
345 683 506 760 Francia,
522 681 728 746 liberalitate
750 682 844 764 regis
858 681 1040 759 adductus
1055 702 1158 746 vene-

208 789 274 845 rat.
340 779 409 860 Is?
428 783 562 846 caeteris
598 801 660 865 per
689 801 821 845 moram
851 781 1059 858 venationis,
1088 801 1158 864 quo

209 901 380 963 quemque
406 900 508 945 casus
531 880 671 958 tulerat,
697 881 874 962 dispersis,
897 881 1002 948 solus.
1017 900 1095 945 cum
1118 899 1159 944 eo

210 988 433 1044 remanserat.
487 975 521 1044 ¹J
525 999 649 1061 amque
673 980 808 1044 Phoebo
829 981 866 1043 in
889 999 1056 1044 oceanum
1078 999 1159 1062 pro·

209 1080 303 1156 clivi,
318 1099 381 1143 rex
400 1099 503 1144 cervo
521 1086 602 1142 ante
620 1098 658 1142 se
672 1080 876 1156 transeunti,
892 1086 1035 1143 extento
1051 1097 1160 1142 nervo

210 1187 245 1242 et
269 1180 395 1242 emissa
419 1179 562 1260 sagitta,
593 1197 663 1242 non
690 1178 776 1242 adeo
799 1197 931 1242 saevum
956 1178 1083 1242 vulnus
1105 1179 1158 1241 in·

211 1277 323 1356 dixit3
346 1273 484 1342 ²diutile
508 1277 620 1341 adbuc
642 1277 849 1359 fugitantem
866 1277 1054 1342 vivacitate
1076 1296 1158 1340 ocu-

210 1377 321 1439 lorum
346 1384 560 1459 prosecutae,
575 1375 736 1459 opposita
750 1384 873 1440 contra
886 1377 1085 1440 violentiam
1101 1395 1158 1440 so·

210 1475 333 1538 larium
366 1476 540 1539 radiorum
570 1495 686 1539 manu.
738 1473 838 1539 Tunc
866 1475 1058 1539 Walterius
1080 1476 1158 1557 pul·
1171 1492 1220 1581 pp
1221 1490 1296 1581 33th
1302 1491 1324 1529 01

211 1574 328 1637 cbrum
354 1574 488 1638 lacinus
520 1574 635 1640 animo
661 1575 869 1658 parturiens,
888 1581 941 1652 ut,
967 1593 1048 1655 rege
1071 1574 1159 1637 alias
1171 1593 1219 1681 rpus,
1237 1551 1322 1680 ku‘

210 1675 348 1737 interim
371 1675 518 1750 intento,
543 1673 618 1756 ipse
643 1673 791 1736 alterum
814 1693 953 1738 cervum
981 1673 1041 1755 qui
1070 1673 1159 1736 sorte
1172 1669 1256 1742 sigla.
1289 1667 1294 1678 '

211 1779 352 1856 propter
360 1773 530 1836 transibat
542 1779 787 1854 prosterneret,
797 1773 925 1836 inscius
940 1780 975 1835 et
988 1773 1159 1854 impotens

212 1873 344 1952 regium
363 1880 484 1954 pectus
496 1871 611 1958 (Deus
627 1871 716 1936 boue
728 1871 755 1954 l)
769 1871 890 1936 lethali
903 1871 1071 1936 arundine
1086 1879 1159 1936 tra·

208 1971 306 2055 jecit.
359 1971 504 2034 Saucius
526 1971 584 2034 ille
610 1970 740 2034 nullum
770 1972 913 2034 verbum
938 1971 1075 2049 emisit3
1098 1971 1158 2034 sed

212 2070 307 2150 ligno
334 2071 473 2151 sagittae
490 2077 657 2152 quantum
677 2078 778 2134 extra
795 2089 921 2151 corpus
943 2070 1088 2134 extabat
1110 2070 1158 2133 ef·

213 2168 336 2245 fracto,
358 2188 509 2251 moxque
528 2187 634 2252 supra
648 2170 774 2232 vulnus
790 2169 929 2246 cadens,
944 2177 1089 2233 mortem
1104 2187 1161 2232 ac-

214 2268 386 2332 celeravit.
439 2267 601 2332 Accurrit
630 2267 845 2345 Walterlus;
878 2268 951 2344 sed,
981 2269 1064 2349 quia
1098 2288 1162 2331 nec

216 2386 354 2430 sensum
376 2386 439 2430 nec
455 2387 575 2432 vocem
594 2367 721 2439 bausit,
744 2367 928 2448 perniciter
942 2367 1161 2448 cornipedem

215 2466 381 2543 insiliens
402 2466 567 2531 beneficio
581 2466 765 2531 calcarium
783 2466 890 2548 probe
909 2466 1033 2531 evasit.
1086 2464 1162 2530 Nec

216 2586 297 2629 vero
323 2566 389 2630 suit
414 2567 474 2647 qui
500 2573 773 2648 persequeretur,
796 2565 866 2628 illis
887 2566 1162 2639 conniventibus,

215 2665 291 2727 istis
317 2666 572 2742 miserantibus,
598 2665 754 2729 omnibus
777 2662 953 2746 postremo
973 2664 1043 2728 alia
1064 2665 1162 2727 moli·

217 2764 375 2843 entibus3
399 2783 480 2846 pars
496 2765 714 2846 receptacula
736 2782 801 2827 sua
822 2764 968 2840 munire,
987 2782 1069 2845 pars
1091 2763 1161 2825 fur-

218 2864 308 2925 tivas
331 2863 467 2946 praedas
487 2882 602 2945 agere,
626 2882 706 2945 pars
726 2882 843 2943 regem
861 2882 987 2926 novum
999 2862 1163 2946 jamjam-

216 2981 284 3043 que
299 2961 571 3044 circumspicere.
613 2962 722 3025 Pauci
737 2962 991 3025 rusticanorum
1004 2961 1164 3038 cadaver,

170 3051 175 3058 ’
217 3061 253 3123 in
280 3060 387 3124 rheda
409 3062 597 3125 caballaria
627 3061 867 3143 compositum,
891 3060 1105 3126 Wiutoniam
1128 3060 1165 3121 in

218 3160 454 3241 episcopatum
471 3161 653 3236 devexere,
669 3159 961 3224 cruore.undatim
977 3178 1039 3241 per
1054 3165 1164 3222 totam

218 3259 311 3322 viam
339 3259 501 3323 stillante.
555 3259 610 3322 Ibi
631 3258 721 3322 inira
744 3259 910 3322 ambitum
938 3258 1055 3334 turris,
1079 3258 1165 3320 mul-

218 3364 332 3420 torum
366 3377 545 3439 procerum
575 3364 761 3433 conventu,
787 3375 977 3439 paucorum
1011 3357 1166 3438 planctu,

219 3463 320 3519 terrae
350 3456 526 3520 traditum.
594 3450 736 3519 ³Secuta
771 3464 826 3519 est
855 3455 1037 3537 posteriori
1074 3475 1167 3519 anno
1180 3467 1301 3509 A-D-1107·

218 3630 268 3672 tem
280 3624 369 3685 sylvae,
380 3625 407 3671 in
418 3638 470 3683 qua
480 3638 525 3671 rex
534 3624 682 3684 venabatur,
706 3622 787 3686 isset]
806 3623 834 3672 S.
849 3624 882 3672 C.
891 3623 927 3672 D.
944 3624 995 3682 E.;
1013 3624 1105 3683 Neque
1123 3623 1168 3672 de·

219 3694 325 3754 venerit,
335 3707 381 3741 nec
392 3693 487 3745 eumin
500 3693 572 3753 sylva
582 3693 682 3741 omnino
706 3690 781 3745 luere,
797 3693 928 3753 opiniones
947 3694 1113 3753 quorundam,
1129 3693 1167 3740 di·

219 3762 411 3811 viderit.'-See
423 3762 477 3810 also
486 3761 605 3821 Eadmer,
613 3762 683 3811 Hist.
706 3762 816 3809 centium
828 3762 926 3810 ruinam
939 3762 1025 3822 turris,
1035 3776 1094 3821 quoe
1110 3775 1169 3822 pos·

222 3832 290 3880 Nov.
302 3847 328 3892 p.
341 3835 382 3892 tl,
394 3832 442 3879 aud
455 3830 519 3879 Ord.
527 3831 605 3880 vitel.
613 3831 682 3879 Hist.
707 3830 841 3879 terioribus
852 3832 924 3878 annis
944 3830 1045 3890 accidit,
1056 3832 1168 3890 peccatis

221 3901 320 3949 Eccles.
332 3900 376 3949 lib.
389 3913 415 3949 x.
428 3916 455 3961 p.
466 3903 523 3949 783.
707 3899 777 3947 illius
788 3900 935 3961 contigisse,
945 3899 1013 3960 quod
1023 3900 1118 3960 injuria
1128 3899 1168 3948 iu·

257 3990 263 4019 r
277 3993 402 4055 Jamque]
419 3992 452 4042 A·
473 3993 502 4041 S·
523 3993 551 4040 c¹
572 3992 608 4041 D·
628 3993 682 4043 m·
707 3969 755 4016 erit
772 3969 844 4016 illum
863 3972 961 4017 sacrato
977 3969 1098 4016 tumulari
1113 3970 1169 4018 loco

220 4062 269 4121 Le
285 4063 454 4123 anm
708 4038 1170 4157 salatratatus

233 4227 238 4237 ι
257 4152 398 4218 ’munli-l
417 4157 447 4205 G·
460 4156 494 4205 D·
515 4156 545 4204 Ε·
562 4156 608 4216 I..;
625 4156 683 4203 diu·
707 4176 810 4237 viatico,
821 4176 984 4225 ala-une
995 4183 1074 4226 lower
1083 4177 1127 4226 iell
1137 4193 1169 4225 on

220 4225 368 4285 bned-S·
708 4244 1171 4296 nerinoroaoserrror.sn.wrn-

256 4308 267 4340 ⁸
287 4310 375 4359 Secuto
398 4316 435 4359 est
454 4346 500 4360 ...
519 4312 626 4373 sepultus
645 4310 685 4367 fu·
708 4317 773 4374 ton.;
791 4315 868 4376 Angl.
879 4315 1017 4376 Sacr.pars
1029 4328 1047 4364 1.
1059 4332 1084 4377 p.
1096 4320 1154 4366 297.
