3142 5025
235 686 330 727 liuldwln

236 737 289 785 king
296 738 386 778 ollem·

397 494 463 560 580
617 509 731 558 cassa
755 489 1349 572 naeuusueuoauu.[a1a.1v.

401 666 516 748 Igitur
539 673 620 748 post
639 663 943 730 circumcisionem
959 657 1128 728 Domini¹
1136 665 1320 746 sumptis
1310 685 1347 728 m

376 759 515 831 Jerico
528 765 665 848 palmis,
682 764 800 848 quod
790 764 925 845 insigne
939 762 1234 863 peregrinantium
1257 765 1348 828 anti·

398 865 515 949 qnitas
537 865 700 941 instituit,
722 864 822 927 sedes
837 864 983 945 quisque
1000 881 1082 926 suas
1099 861 1225 945 raptim
1248 883 1348 945 repe-

398 972 472 1028 tere
483 969 724 1048 properarunt.
777 961 895 1027 Causa
909 962 1141 1026 festinationis
1158 968 1233 1026 erat
1243 970 1349 1046 putor

397 1064 652 1128 inconditorum
675 1062 895 1139 caderem
911 1079 1057 1143 quorum
1082 1061 1133 1125 ita
1158 1061 1348 1126 exhalabat

398 1149 537 1227 coenum
552 1170 593 1226 ut
607 1162 720 1244 ipsum
736 1161 885 1225 violaret
907 1160 1045 1224 coelum.
1098 1160 1271 1238 Quocirca
1293 1167 1348 1224 ta-

397 1263 479 1326 bida
494 1262 614 1344 pestis,
639 1262 676 1324 in
699 1279 803 1324 auras
826 1258 981 1336 effluens,
997 1260 1125 1324 multos
1145 1278 1191 1323 ex
1210 1259 1264 1323 his
1286 1261 1347 1341 qui

398 1363 535 1425 noviter
550 1367 718 1426 venerant
742 1359 838 1423 letho
865 1359 980 1438 dedit;
1013 1359 1130 1423 caeteri
1156 1377 1219 1440 per
1242 1360 1345 1423 urbes

396 1462 599 1537 maritimas,
624 1458 842 1522 Tiberiadem
873 1458 951 1522 dico
975 1465 1011 1522 et
1038 1457 1234 1522 Caesaream
1261 1458 1347 1522 Phi-

397 1558 494 1642 lippi,
507 1565 769 1622 maturaverunt
788 1557 865 1636 iter,
881 1557 973 1640 quod
989 1577 1048 1622 eos
1063 1557 1216 1622 tenuitas
1231 1558 1346 1622 victus

397 1665 433 1722 et
459 1658 595 1722 hostilis
621 1663 733 1722 metus
758 1658 942 1739 urgebant.
993 1656 1061 1720 Sed
1084 1656 1179 1734 fami,
1201 1663 1242 1720 ιιι
1258 1656 1346 1737 dixi,

378 1793 381 1798 -
397 1758 600 1821 consuluere
614 1757 739 1839 pedum
757 1756 954 1821 celeritate:
979 1763 1015 1820 et
1031 1762 1262 1820 trecentorum
1279 1759 1344 1820 mi-

396 1857 509 1933 litum,
524 1857 585 1938 qui
597 1875 658 1920 eos
671 1855 714 1920 de
730 1857 864 1920 Baldac
883 1855 1028 1921 castello
1052 1855 1276 1933 infestabant,
1292 1856 1345 1920 fu-

397 1956 467 2019 rori
483 1962 736 2038 prospexerant
749 1955 910 2019 militaris
926 1955 1012 2019 artis
1022 1955 1232 2034 calliditate;
1248 1974 1345 2019 nam·

397 2073 466 2137 qne
479 2055 641 2119 simulata
663 2055 840 2139 paulisper
861 2054 957 2137 fuga,
973 2062 1013 2118 ut
1027 2055 1094 2136 ipsi
1109 2054 1152 2117 de
1175 2055 1345 2135 angustiis

397 2154 552 2219 locorum
570 2154 757 2219 evadentes
786 2154 921 2219 'furcos
943 2154 1158 2230 inducerent,
1183 2154 1345 2218 consulto

397 2272 543 2331 cessere,
559 2254 618 2317 sed
642 2273 725 2318 mox
741 2255 927 2318 retroversi
945 2253 1120 2336 dispersos
1143 2251 1260 2317 hostes
1283 2273 1347 2335 pro

396 2353 495 2417 libito
509 2347 657 2417 ²fndere.
709 2352 927 2417 Putaverant
947 2353 999 2416 illi
1020 2359 1158 2416 nostros
1176 2351 1347 2417 inhabiles

397 2472 537 2536 pugnae,
551 2453 644 2537 quod
664 2459 779 2517 essent
803 2452 918 2536 clypei
940 2471 1059 2517 eorum
1079 2459 1115 2517 et
1140 2469 1242 2515 arcus
1268 2452 1346 2536 plu·

397 2553 480 2616 violi
493 2552 706 2617 abundantia
717 2552 861 2631 lentati;
886 2553 1154 2634 nesciebantque
1168 2552 1260 2633 quod
1275 2572 1345 2616 non

397 2651 435 2714 in
456 2671 630 2716 armorum
646 2651 703 2715 vel
724 2652 761 2714 in
783 2651 974 2731 tegminum
989 2650 1127 2728 fiducia,
1142 2650 1202 2714 sed
1224 2651 1262 2713 in
1284 2670 1346 2716 ex-

398 2750 535 2818 cellenti
551 2750 587 2815 vi
600 2749 793 2814 animorum
810 2755 845 2813 et
862 2750 969 2815 crudo
986 2751 1109 2814 robore
1128 2749 1344 2815 brachiorum

397 2850 545 2915 victoria
560 2851 712 2916 virorum
729 2848 908 2914 consistat.

450 2950 559 3032 5875.
584 2950 630 3013 Et
653 2957 727 3012 tum
750 2948 889 3030 quidem
915 2948 1137 3013 Baldewinus
1162 2949 1343 3027 Edessam,

400 3048 625 3111 Boamundns
640 3066 723 3111 vero
747 3046 984 3123 Antiochiam,
1004 3047 1192 3113 incolumes
1214 3068 1346 3112 remea-

398 3155 493 3211 runt.
546 3147 654 3210 Initio
677 3152 792 3210 autem
819 3146 907 3211 Julii
928 3148 1057 3211 mensis
1079 3147 1221 3212 licentia
1242 3146 1345 3211 famae

400 3246 591 3310 Baldewini
621 3246 763 3309 auribus
805 3246 928 3311 detulit
959 3246 1176 3329 splendidam
1217 3247 1344 3311 ducum

398 3353 596 3411 nostrorum
619 3346 846 3431 margaritum
868 3345 1086 3423 offuscatum,
1104 3346 1347 3410 Boamundam

397 3445 530 3509 scilicet
552 3452 705 3528 captum,
720 3453 756 3509 et
777 3446 814 3508 in
836 3452 978 3509 catenas
998 3445 1206 3529 conjectum,
1221 3464 1243 3507 a
1259 3464 1345 3527 quo·

398 3544 478 3608 dam
493 3545 687 3608 Danisman
709 3543 843 3625 gentili,
861 3550 896 3607 et
922 3545 959 3607 in
981 3544 1050 3607 illis
1073 3545 1175 3608 terris
1199 3546 1345 3627 potenti.

398 3640 633 3726 Quapropter,
652 3643 896 3707 Edissenorum
911 3650 946 3707 et
960 3642 1256 3707 Antiochenorum
1272 3664 1347 3708 ma·

397 3763 444 3806 nu
468 3751 599 3819 coacta,
614 3742 786 3824 insignem
802 3741 1078 3813 Christianorum
1101 3743 1345 3807 contumeliam

431 3995 440 4028 ³
463 3997 575 4061 empta
601 3996 628 4045 ia
649 3996 733 4046 Jm‘co
759 3996 859 4059 palmis,
882 4000 939 4047 290.
975 3996 1007 4045 In
1024 3998 1075 4046 this
1093 4010 1202 4060 passage
1220 3998 1251 4047 1..
1271 3999 1347 4048 reads

394 4067 564 4131 guodindgne
572 4066 781 4129 peregrinatiane
794 4066 859 4115 uoti·
882 4067 971 4116 ‘casis
973 4066 1092 4117 instead
1102 4067 1147 4116 oi
1156 4068 1283 4129 sumptis!

395 4137 477 4199 quitor
485 4136 603 4185 instituit.
605 4136 617 4199 ]
629 4136 718 4185 Hence
729 4151 776 4184 our
786 4136 856 4184 word

395 4206 525 4269 ‘,'palmer
546 4221 575 4254 or
596 4205 734 4267 ‘pilgrimss
767 4205 801 4254 V.
813 4205 857 4252 Al·
916 4201 1099 4269 ²Fodere.]S.
1111 4206 1147 4256 D.
1160 4207 1210 4257 E.·
1200 4206 1348 4270 ,cecidere,

396 4275 459 4325 bert.
470 4277 585 4338 liquens.
600 4289 642 4335 ap.
655 4275 736 4325 Gesta
752 4274 813 4335 Dei,
831 4290 857 4335 p.
882 4274 912 4325 1..
