3142 5025
439 472 505 537 740
724 486 898 534 meream
921 486 1098 535 Novanus.
1229 474 1317 555 [urs.
1336 490 1391 538 111.

351 670 356 679 ·
439 644 603 727 Iniquum
619 644 654 708 id
671 644 784 709 visum
809 644 940 721 multis,
956 645 1039 727 quia
1057 643 1166 729 (sicut
1183 641 1275 728 dixi)
1293 646 1391 709 nulla

437 745 635 827 suspicione
654 745 809 808 rancoris
833 744 878 807 ab
894 745 943 808 eis
961 751 1043 808 ante
1063 744 1189 807 festum
1211 745 1388 809 abscesse-

437 851 505 919 rat,
520 863 583 907 nec
600 843 702 908 mode
717 863 812 908 more
829 843 1000 927 majorum
1018 844 1206 907 amicitiam
1223 863 1322 907 suam
1338 846 1389 910 eis

436 942 677 1020 interdixerat,
688 943 781 1025 qnod
794 941 972 1007 Diffidiare
984 942 1114 1007 dicunt.
1150 942 1261 1008 Porro
1274 963 1390 1008 comes
1424 974 1434 982 ·

438 1041 645 1121 cestrensis,
671 1043 830 1126 quamvis
852 1043 994 1125 ancipiti
1023 1042 1178 1125 periculo
1198 1040 1390 1122 involutus,

436 1142 543 1224 probe
562 1148 679 1205 tamen
705 1142 840 1207 castelli
857 1142 1037 1223 angustias
1064 1143 1198 1206 evasit:
1233 1163 1304 1207 non
1327 1144 1389 1207 de-

435 1241 517 1305 finio
532 1261 602 1324 qna
615 1241 794 1320 versutia3
821 1242 894 1305 sive
918 1260 1091 1309 ¹consensu
1109 1242 1302 1324 aliquorum
1326 1244 1388 1307 ob-

435 1341 642 1418 sidentium3
679 1343 765 1418 sive,
797 1341 880 1422 quia
909 1341 1020 1404 virtus
1052 1340 1266 1437 deprehensa
1297 1342 1389 1407 solet

435 1440 554 1504 multis
579 1441 690 1504 modis
717 1458 884 1522 quaerere,
918 1446 954 1503 et
986 1440 1188 1523 pleerunque
1220 1442 1388 1519 invenire,

434 1540 630 1604 consilium.
683 1539 810 1622 ltaque
833 1559 903 1603 non
921 1546 1106 1604 contentus
1124 1558 1188 1603 sua
1210 1541 1321 1604 solum
1344 1542 1387 1604 li-

434 1638 624 1715 beratione,
641 1636 684 1701 de
699 1638 813 1701 salute
827 1638 945 1702 fratris
961 1645 996 1702 et
1007 1640 1140 1715 uxoris,
1151 1658 1240 1722 quos
1253 1641 1289 1703 in
1307 1660 1385 1703 cas·

434 1738 519 1801 tello
535 1737 735 1819 reliquerat,
756 1737 940 1815 sollicitus,
958 1740 1110 1802 animum
1132 1745 1250 1822 partes
1264 1758 1387 1804 versa-

434 1838 496 1902 bat
509 1836 545 1899 in
562 1856 690 1900 omnes.
743 1836 869 1901 Sanior
891 1838 1063 1901 sententia
1079 1839 1157 1903 visa
1181 1838 1340 1921 flagitare
1362 1860 1386 1903 a

434 1956 556 2001 socero
570 1936 751 2012 auxilium,
768 1937 928 2018 quamvis
944 1936 1078 2001 animos
1093 1936 1169 2021 ejus
1178 1938 1385 2022 jamdudum

435 2036 610 2101 nonnullis
635 2056 680 2100 ex
700 2036 816 2100 causis
839 2035 1049 2115 offendisset,
1073 2037 1225 2101 maxime
1246 2039 1329 2119 quia
1349 2038 1388 2101 in

433 2143 558 2200 neutro
583 2134 692 2200 latere
717 2135 808 2199 fidus
831 2136 1006 2200 videretur
1031 2156 1119 2199 esse.
1180 2136 1280 2203 Misit
1300 2157 1386 2218 ergo

433 2241 636 2318 perpetuam
658 2254 722 2317 per
740 2235 884 2299 nuncios
904 2242 1029 2317 pactus
1052 2234 1255 2300 fidelitatem
1275 2239 1386 2318 impe-

433 2335 563 2410 ratrici,
587 2335 629 2411 si,
655 2341 815 2416 respectu
840 2334 981 2418 pietatis
1007 2336 1119 2417 magis
1148 2355 1252 2418 quam
1279 2336 1384 2399 ullius

431 2436 488 2498 sui
515 2433 640 2511 meriti,
667 2434 915 2517 periclitantes,
943 2434 1003 2517 qui
1029 2435 1067 2497 in
1093 2434 1179 2519 ipsis
1211 2436 1384 2520 captionis

432 2534 590 2600 faucibus
604 2535 823 2611 tenebantur,
841 2533 1008 2598 eximeret
1024 2532 1172 2619 injuria.

449 2727 625 2786 QUOMODO
647 2727 764 2775 OOMES
788 2725 1029 2775 GLOEOESTRAE
1053 2723 1243 2773 ROBERTUS
1267 2724 1369 2772 113an

615 2829 665 2876 An
689 2826 994 2875 SUOOURRENDUM
1018 2823 1192 2873 OBSEOSIS.

268 2949 346 3040 m
354 2950 420 3041 tgffi·
483 2933 572 3016 §Q
596 2933 678 2998 Non
707 2933 829 2999 habuit
850 2951 965 2996 cemes
986 2931 1199 2996 Gleecestrae
1227 2929 1384 2996 difficiles

269 3051 406 3091 mmsis
432 3051 545 3109 aures,
559 3033 802 3114 indignitatem
828 3032 878 3096 rei
901 3051 972 3095 non
994 3032 1128 3110 ferens,
1151 3031 1254 3095 simul
1276 3031 1382 3095 etiam

269 3100 336 3140 ’Μ’
430 3138 600 3214 pertaesus
621 3151 739 3208 morae,
755 3133 839 3215 quia
858 3131 1124 3214 praeclarissima
1138 3131 1253 3214 patria
1274 3149 1384 3194 causa

429 3231 577 3294 duorum
609 3230 783 3295 bominum
811 3230 984 3295 intestinis
1013 3230 1145 3313 rapinis
1169 3237 1205 3294 et
1229 3230 1382 3294 caedibus

427 3332 636 3409 vexabatur,
662 3331 785 3395 maluit
802 3329 851 3416 (si
874 3331 971 3394 Deus
998 3326 1230 3413 permisisset)
1250 3349 1321 3393 rem
1342 3330 1381 3394 in

429 3438 604 3495 extremos
631 3431 801 3495 deducere
826 3449 940 3494 casus.
991 3429 1164 3512 Sperabat
1193 3430 1296 3494 etiam
1328 3429 1383 3492 di·

430 3531 549 3596 vinum
578 3532 614 3594 in
645 3531 785 3613 incepto
814 3529 980 3606 favorem,
1009 3529 1093 3612 quia
1126 3549 1188 3592 rex
1215 3548 1381 3610 generum

430 3649 532 3694 suum
556 3630 660 3694 nullis
685 3630 761 3714 ejus
784 3630 897 3712 culpis
922 3619 1163 3712 injuriaverat,
1188 3628 1294 3692 filiam
1317 3629 1381 3691 ob-

426 3730 577 3807 sidebat,
593 3729 774 3802 ecclesiam
795 3731 907 3794 beatae
920 3729 987 3793 Dei
1004 3727 1182 3810 genitricis
1196 3727 1238 3792 de
1250 3726 1381 3792 Lindo-

429 3829 545 3894 colino
569 3829 860 3894 incastellaverat.
913 3827 1003 3892 Haec
1020 3828 1144 3910 quanti
1169 3827 1262 3910 apud
1285 3846 1381 3891 men·
1554 3891 1555 3894 ,

430 3936 501 3992 tem
522 3930 688 4012 principis
712 3948 788 3993 esse
805 3927 1001 3992 debebant?
1055 3925 1091 3990 N
1092 3945 1181 3991 onne
1197 3933 1383 4009 praestaret

429 4029 517 4092 mori
537 4036 572 4093 et
588 4028 739 4111 gloriose
760 4029 973 4105 occumbere,
988 4045 1091 4109 quam
1114 4033 1187 4091 tam
1208 4027 1381 4108 insignem

428 4129 671 4193 contumeliam
688 4128 788 4212 patil
828 4125 1026 4192 Ulciscendi
1044 4146 1127 4208 ergo
1144 4145 1250 4190 causa
1264 4126 1381 4190 Deum

429 4234 464 4290 et
488 4247 653 4306 sororem,
676 4229 849 4311 simulque
881 4226 1151 4296 necessitudines
1180 4245 1263 4296 suas
1291 4225 1379 4296 libe·
