3142 5025
411 520 477 588 528
622 537 735 586 casm
760 535 887 585 ancum
911 534 1126 583 rucnoauu.
1211 519 1364 600 [marv.

413 705 596 770 Dominico
608 705 788 782 admoniti,
803 705 936 768 animas
953 724 1016 786 pro
1027 703 1191 767 fratribus
1204 705 1359 786 ponatis:

412 805 591 869 charitatis
617 805 826 887 stipendium
855 805 921 868 erit
943 804 1011 867 Dei
1033 805 1160 885 gratia,
1187 803 1255 866 Dei
1280 823 1362 885 gra·

412 905 496 969 tiam
512 912 676 986 sequetur
691 904 764 968 vita
782 910 925 968 aeterna.
967 903 1022 967 Ite
1036 922 1120 985 ergo
1134 903 1295 982 feliciter,
1311 905 1361 968 ite

412 1004 635 1081 confidenter,
654 1004 698 1068 ad
714 1004 872 1067 inimicos
893 1003 961 1067 Dei
981 1003 1251 1085 persequendos,
1302 1003 1361 1066 Illi

340 1181 345 1190 ¹
412 1105 504 1168 enim
515 1104 590 1187 jam
616 1103 746 1186 pridem
763 1102 888 1189 (proht
911 1109 1064 1185 quantus
1082 1102 1359 1166 Christianorum

412 1200 564 1287 pudorl)
593 1203 740 1286 Syriam,
769 1201 984 1279 Armeniam,
1016 1220 1152 1266 omnem
1184 1209 1361 1284 postremo

411 1301 534 1366 Asiam
552 1303 721 1367 Minorem
737 1301 857 1388 (cujus
879 1301 1067 1383 provinciae
1088 1308 1172 1364 sunt
1190 1301 1359 1377 Bithinia,

412 1402 579 1486 Phrygia,
595 1401 749 1478 Galatia,
770 1401 882 1478 Lidia,
900 1400 1017 1478 Caria,
1035 1400 1244 1483 Pamphilia,
1258 1400 1361 1464 Isau·

411 1503 475 1578 ria,
493 1502 602 1579 Licia,
618 1498 771 1585 Cilicia),
783 1487 1062 1582 occupaverunt3
1084 1519 1176 1563 nune
1190 1499 1361 1564 Illiricum

411 1609 447 1664 et
461 1621 579 1664 omnes
604 1601 783 1672 inferiores
806 1607 917 1664 terras
941 1599 1130 1667 insolenter
1150 1600 1358 1681 inequitant,

412 1719 521 1782 usque
547 1701 591 1764 ad
614 1719 708 1763 mare
729 1700 820 1781 quod
852 1700 1038 1763 Brachium
1062 1699 1181 1762 Sancti
1199 1692 1360 1781 ¹Georgii
1450 1711 1454 1717 '

411 1807 568 1864 vocatur.
620 1799 714 1878 Quid
734 1799 827 1882 quod
844 1800 1065 1863 Domiuieum
1087 1806 1360 1876 monumentum,

412 1901 550 1964 unicum
576 1899 655 1962 fidei
686 1899 826 1981 pignus
848 1899 972 1962 ditioni
1005 1917 1079 1962 suae
1102 1898 1300 1975 vendicant,
1322 1907 1358 1964 et

411 1999 488 2081 ejus
505 2000 600 2062 urbis
617 1999 797 2062 introitum
814 1999 1005 2080 peregrinis
1022 1998 1152 2062 nostris
1167 1998 1360 2075 venditant,

412 2116 490 2179 quae
514 2099 597 2162 solis
623 2098 830 2162 Christianis
853 2105 973 2180 patere
996 2097 1136 2162 deberet
1160 2097 1190 2161 si
1217 2097 1359 2179 aliquod

412 2198 525 2262 solitae
539 2199 680 2262 virtutis
697 2197 882 2279 vestigium
906 2197 955 2260 eis
977 2197 1127 2266 inesset:
1152 2196 1230 2275 hoc,
1247 2197 1278 2260 si
1300 2211 1359 2261 so-'

412 2297 484 2361 lum
499 2305 602 2375 esset,
618 2297 750 2362 frontes
767 2303 906 2360 nostras
922 2315 1064 2360 onerare
1077 2294 1248 2360 sufficeret
1261 2317 1269 2375 3
1282 2295 1359 2380 jam·

412 2417 494 2461 vcro
508 2398 586 2480 quis
600 2397 689 2461 ierat
706 2397 772 2478 nisi
786 2396 933 2460 multum
949 2396 1053 2472 iners,
1066 2396 1133 2459 nisi
1150 2395 1358 2460 Christiana
1474 2405 1480 2414 ’
1565 2376 1566 2457 l

411 2497 532 2578 gloriae
553 2497 704 2572 inviduS,
722 2496 814 2578 quod
830 2516 900 2560 non
922 2516 968 2559 ex
984 2516 1085 2579 aequo
1100 2495 1280 2561 divisimus
1303 2516 1359 2560 or·

410 2598 515 2660 hemi
555 2596 613 2660 Illi
627 2594 762 2673 Asiam,
778 2596 915 2659 tertiam
935 2596 1053 2659 mundi
1070 2603 1218 2678 partem,
1232 2603 1272 2660 ut
1287 2595 1360 2659 hae,-

412 2696 612 2759 reditarium
637 2696 755 2759 nidum
775 2694 992 2772 inhabitant;
1023 2714 1102 2778 quae
1124 2715 1146 2758 a
1169 2695 1360 2779 majoribus

414 2798 540 2859 nostris
564 2814 666 2877 aequa
688 2795 823 2858 duabus
846 2795 991 2858 residuis
1011 2796 1181 2878 partibus,
1206 2802 1241 2859 et
1265 2803 1359 2859 trac-

412 2901 510 2958 tuum
532 2894 748 2977 longitudine
771 2901 807 2957 et
829 2895 1084 2977 provinciarum
1110 2893 1360 2976 magnitudine,

413 3014 482 3057 non
496 2995 667 3058 immerito
691 2993 864 3059 aestimata
878 3001 943 3057 est.
995 2993 1050 3057 Ibi
1066 2993 1150 3057 olim
1166 2994 1360 3061 devotionis

412 3101 541 3158 nostrae
568 3094 655 3157 rami
688 3093 925 3175 pullularunt3
964 3093 1012 3156 ibi
1045 3094 1195 3174 apostoli
1228 3113 1358 3170 omnes,
1431 3096 1437 3101 ’

411 3199 539 3275 praeter
551 3193 650 3271 duoS,
665 3200 795 3257 mortes
809 3212 891 3255 suas
908 3200 1174 3271 consecrarunt,
1197 3193 1245 3257 ibi
1257 3193 1360 3257 modo

413 3292 643 3370 Christicolae,
657 3294 687 3357 si
705 3294 764 3375 qui
780 3298 978 3375 supersunt,
997 3293 1210 3375 pauperculo
1224 3293 1359 3373 agrico-

412 3393 486 3458 latu
502 3394 734 3475 transigentes
756 3392 917 3468 inediam,
944 3391 1100 3455 nefandis
1121 3391 1191 3454 illis
1207 3393 1360 3473 vectigal

412 3494 600 3575 pensitant,
624 3494 680 3556 vel
710 3492 826 3556 tacitis
854 3491 1012 3573 suspiriis
1037 3498 1166 3554 nostrae
1189 3491 1360 3555 libertatis

412 3591 646 3655 desiderantes
666 3590 924 3667 conscientiam,
943 3592 1026 3672 quia
1044 3590 1224 3673 perdidere
1247 3610 1359 3654 suam.

414 3691 472 3755 llli
489 3690 664 3767 Allricam,
678 3691 823 3754 alteram
837 3691 931 3753 orbis
950 3699 1096 3772 partem,
1113 3690 1270 3754 ducentis
1282 3689 1357 3773 jam

412 3792 513 3855 annis
546 3799 580 3855 et
611 3811 652 3854 eo
678 3790 828 3872 amplius
853 3791 958 3869 armis
989 3808 1185 3873 possessam
1219 3796 1358 3868 tenent;

412 3890 504 3973 quod
520 3891 599 3955 ideo
619 3890 809 3953 Christiani
825 3888 967 3953 honoris
993 3890 1184 3973 pericnlum
1207 3909 1360 3972 pronun-

412 3991 477 4065 cio,
492 3991 574 4073 quia
588 3990 691 4053 fuerit
708 3997 802 4053 terra
816 3989 878 4052 illa
892 3990 974 4053 olim
995 3989 1240 4072 praeclarorum
1261 3988 1359 4070 inge·

412 4090 545 4153 niorum
560 4090 679 4165 altrix,
697 4107 775 4170 quae
792 4088 918 4151 divinis
932 4089 1072 4170 scriptis
1089 4108 1224 4151 omnem
1243 4096 1360 4151 vetus-

542 4329 549 4361 ¹
564 4325 692 4398 Georgii]
710 4331 743 4380 A.
757 4331 786 4381 S.
800 4332 830 4381 G.
842 4330 877 4381 D.
891 4332 945 4379 1⁴32.
958 4331 1007 4390 L.;
1024 4329 1152 4392 Gregorii,
1165 4330 1189 4377 Ε
1197 4334 1219 4379 1.
