3142 5025
219 500 376 580 urnrv]
445 516 561 564 crsra
586 516 714 564 nacuu
737 517 951 566 Aucuonuu.
1103 504 1169 569 517

219 697 288 741 non
313 674 461 739 multum
489 694 668 756 superesse
695 675 777 738 vitae
812 694 885 738 suae
915 675 1080 752 dicentes,
1105 695 1167 738 nec
1181 692 1330 755 manante

219 783 290 839 tarn
313 774 373 838 diu
386 794 423 838 se
437 774 589 840 victuros
605 794 708 857 quam
725 774 864 838 vixere:
887 793 1026 856 sperare
1047 794 1085 838 se
1105 775 1168 837 dn·
1180 747 1296 835 Statim

219 883 356 938 raturos
380 875 416 938 in
443 875 634 956 proposito,
661 882 696 938 et
718 874 930 938 successuris
946 874 1081 937 futuros
1104 894 1167 937 ex·

219 975 344 1057 emplo,
368 974 429 1056 qui
453 974 482 1036 si
503 973 585 1036 flexi
607 973 735 1038 suerint
757 975 960 1054 peccabunt.
1014 973 1059 1036 Et
1087 993 1168 1055 pro-

218 1074 309 1138 fecto
327 1075 386 1138 fiet
399 1092 463 1155 pro
482 1072 634 1136 humana
655 1072 853 1152 debilitate3
877 1073 977 1157 cujus
1000 1080 1168 1154 perpetua

218 1174 276 1236 lex
303 1182 368 1250 est,
391 1182 430 1237 ut
449 1172 535 1235 nibil
555 1173 715 1236 maximis
741 1172 919 1236 laboribus
945 1180 1082 1254 partum
1107 1173 1167 1234 diu

220 1273 330 1356 possit
360 1272 560 1336 consistere.
612 1271 680 1336 Sed
711 1278 750 1334 ut
777 1272 894 1335 omnia
921 1291 999 1353 quae
1028 1272 1071 1334 do
1098 1272 1167 1334 illis

219 1372 312 1437 dicta
335 1380 430 1450 sunt,
445 1371 500 1434 vel
527 1371 595 1435 dici
620 1376 778 1453 possunt,
804 1372 840 1433 in
860 1391 1029 1434 summam
1053 1371 1168 1434 confe-

220 1491 306 1548 ram,
335 1479 417 1536 sunt
446 1470 547 1534 hodie
577 1469 736 1535 monachi
765 1467 988 1534 Cistellenses
1016 1469 1167 1534 omnium

219 1571 463 1635 monachorum
486 1571 700 1647 exercitium,
723 1567 957 1634 studiosorum
979 1569 1169 1652 speculum,

219 1671 468 1736 desidiosorum
487 1678 643 1736 oestrurn.

221 1905 269 1951 DE
292 1903 571 1952 TRANSLATIONE
603 1904 723 1952 TRIUM
755 1903 1047 1964 EPISOOPATUUM,
1071 1903 1169 1951 WBL·

299 2004 436 2064 LENSIS,
460 2004 690 2064 CESTRRNSIS,
713 2005 757 2051 ΕΤ
781 2002 1090 2051 THETFORDENSIS.

272 2111 384 2195 §338.
407 2111 476 2175 His
503 2112 723 2193 temporibus
738 2111 774 2175 in
790 2111 921 2193 Anglia
944 2119 1015 2174 tres
1040 2110 1171 2192 opisco-

220 2219 323 2293 patus
348 2231 394 2275 ex
416 2211 567 2292 antiquis
588 2210 727 2275 sedibus
753 2212 920 2274 transiere
942 2209 1052 2288 alias3
1075 2209 1170 2274 Wel-

220 2312 325 2374 lensis
352 2330 414 2394 per
437 2309 461 2374 J
464 2309 635 2374 ohannem
663 2311 699 2372 in
728 2309 950 2384 Bathoniam,
975 2308 1169 2372 Castrensis

220 2431 284 2492 per
315 2411 508 2474 Robertnm
547 2410 584 2472 in
621 2408 876 2486 coventreiam,
907 2407 1168 2471 Thetsordensis

220 2532 284 2594 per
300 2509 513 2575 Herbertum
526 2509 562 2572 in
577 2508 739 2573 Norwio:
758 2503 887 2573 ¹omnes
900 2507 1023 2591 majori
1037 2508 1168 2570 ambitu

220 2630 326 2694 quam
355 2618 393 2674 ut
421 2617 597 2673 tantorum
623 2609 775 2673 virorum
805 2610 980 2673 debuisset
1004 2607 1169 2671 interesse

221 2710 348 2775 studio.
392 2710 566 2791 Denique,
580 2716 622 2772 ut
635 2700 783 2792 primum
795 2708 838 2772 de
855 2716 1030 2790 postremo
1044 2707 1169 2784 dicam,
1181 2682 1289 2791 {idib

222 2811 428 2887 HerbertuS‚
439 2814 669 2891 cognomento
682 2808 848 2889 Losinga,
860 2807 953 2890 quod
966 2808 999 2871 ei
1013 2825 1070 2869 ars
1084 2806 1170 2869 adn·
1183 2782 1289 2821 ⁸⁰''¹⁰¹¹'

222 2909 361 2975 lationis
387 2910 591 2991 impegerat,
618 2927 663 2971 ex
689 2908 815 2972 abbate
843 2906 1062 2971 Ramesiensi
1087 2906 1170 2969 emit

222 3012 459 3093 episcopatum
484 3007 793 3086 Thetfordensem3
824 3014 923 3089 patre
945 3024 1084 3088 quoque
1106 3025 1170 3068 suo

223 3110 390 3185 Roberto,
405 3108 559 3192 ejusdem
574 3107 801 3189 cognominis
818 3106 855 3170 in
879 3106 1052 3169 abbatiam
1070 3104 1171 3169 Win-

223 3209 328 3272 toniae
346 3209 493 3272 intruso.
546 3206 629 3270 Fuit
644 3226 727 3286 ergo
743 3206 796 3269 vir
807 3205 867 3269 ille
880 3224 1027 3287 magnus
1043 3205 1079 3265 in
1096 3202 1171 3267 An·

222 3309 294 3389 glia
319 3307 485 3391 symoniae
514 3306 636 3383 fomes,
664 3306 839 3369 abbatiam
866 3306 1172 3386 episcopatumque

224 3408 372 3470 nummis
387 3416 601 3489 aucupatus3
620 3405 765 3487 pecunia
781 3403 914 3467 scilicet
931 3404 1060 3484 regiam
1077 3402 1172 3465 solli·

223 3506 410 3571 citudinem
440 3506 628 3581 inviscans,
659 3512 695 3568 et
731 3504 927 3586 principum
959 3502 1069 3565 favori
1103 3489 1173 3564 non

223 3606 317 3670 leves
332 3606 576 3688 promissiones
591 3603 796 3682 assibilans3
815 3602 905 3665 unde
920 3602 1059 3684 quidam
1075 3619 1173 3682 egre-

224 3705 280 3787 gie
296 3713 378 3769 tunc
392 3706 557 3787 temporis
571 3704 750 3768 versificus
765 3703 835 3766 ait:

252 3858 261 3885 ‘
275 3851 395 3934 Surgit
408 3853 444 3916 in
458 3851 604 3916 ecclesia
618 3860 822 3926 monstrum,
838 3850 994 3931 genitore
1010 3833 1174 3928 Losinga,

275 3951 499 4035 Symonidum
515 3959 622 4029 secta,
639 3971 812 4015 canonum
830 3949 958 4013 virtute
972 3954 1115 4011 resecta.

262 4230 268 4260 ¹
282 4234 370 4283 Omnes
380 4233 467 4295 mojori
474 4233 566 4282 ambitu
579 4268 584 4283 .
598 4265 605 4283 .
618 4266 625 4282 .
638 4236 689 4279 rtu-
714 4221 810 4280 morum
829 4231 961 4292 maleficio,
979 4244 1065 4278 omnes
1083 4230 1177 4278 venali·

226 4303 288 4367 dia]
312 4304 341 4352 S.
356 4306 386 4355 C.
398 4305 433 4353 D.
447 4304 478 4353 E.
489 4321 496 4365 ;
513 4316 599 4351 omnes
616 4316 687 4350 uum·
715 4304 775 4351 tatis
787 4302 883 4351 ambitu
895 4305 921 4348 et
932 4301 1075 4361 sacrilegio,
1087 4299 1117 4351 L.

961 4375 1025 4437 Qu
