3142 5025
253 517 393 598 ΜΗ]
484 533 598 582 cussa
621 535 750 583 aucun
773 535 987 584 ausnonuu.
1139 519 1206 584 617

195 718 202 725 ’
256 690 355 754 tabat
378 690 421 754 ad
449 689 697 772 navigandum,
726 687 902 754 Henricus
923 689 960 754 in
986 688 1205 755 Britanniam
1217 707 1339 749 anna.

256 790 333 873 ejus
348 791 450 874 jussu
467 791 694 853 abscesserat.
746 789 838 852 Tum
854 789 925 867 ille,
941 791 1123 854 occasione
1142 809 1205 854 au·

254 897 395 972 cupata,
411 909 547 954 omnem
562 888 658 952 illam
672 889 896 971 pecuniarum
913 889 982 954 vim
996 896 1204 954 testamento

256 990 366 1072 patris
393 988 649 1053 adolescentulo
687 989 853 1070 legatam,
882 1009 960 1070 quae
995 995 1070 1052 erat
1099 989 1203 1054 trium

255 1089 402 1152 millium
433 1107 639 1166 marcarum,
670 1088 707 1150 in
745 1087 988 1169 stipendiarios
1024 1107 1106 1151 suos
1141 1090 1203 1152 ab·

257 1187 416 1270 sumpsit.
472 1187 514 1251 Id
542 1186 717 1250 Henricus
744 1205 916 1264 reversus,
946 1188 1028 1251 licet
1056 1186 1202 1252 forsitan

256 1307 349 1369 aegre
362 1287 512 1364 tulisset,
522 1288 696 1351 taciturna
709 1285 1075 1367 praeteriitindustria3
1093 1288 1201 1350 enim-

255 1407 351 1463 vero,
388 1387 553 1450 nunciata
584 1386 681 1469 pacis
717 1384 965 1467 compositione
996 1387 1034 1449 in
1057 1383 1201 1467 Anglia,

257 1486 416 1569 deposita
430 1486 555 1550 militia
576 1486 680 1548 serias
702 1485 807 1547 armis
829 1485 964 1550 dedere.
1016 1483 1140 1550 Comes
1164 1487 1201 1548 in

256 1605 331 1663 sua,
343 1585 463 1669 junior
474 1586 511 1648 in
527 1604 569 1648 ea
586 1605 664 1667 quae
678 1583 786 1648 frater
803 1603 886 1664 suus
902 1584 1107 1649 dederatvel
1120 1605 1201 1666 pro-

255 1687 408 1762 miserat,
429 1685 610 1764 discessit3
633 1703 783 1766 namque
803 1692 839 1748 et
860 1684 897 1747 in
919 1692 1100 1766 acceptum
1120 1703 1202 1766 pro·

257 1785 364 1848 missa
385 1783 567 1860 referebat,
586 1783 785 1847 custodiens
810 1784 933 1848 turrim
954 1783 1143 1865 Rotomagi
1164 1784 1201 1847 in

256 1884 332 1967 ejus
347 1883 568 1947 fidelitatem:
592 1883 653 1946 sed
668 1883 841 1947 delatione
854 1882 1082 1966 pessimorum
1096 1883 1202 1947 cessit

255 1984 292 2046 in
309 1984 492 2048 adversum
513 1982 674 2059 fidelitas,
692 1989 727 2046 et
742 1981 839 2046 nulla
860 2001 924 2045 sua
945 1981 1047 2065 culpa
1067 1983 1103 2044 in
1124 1982 1201 2064 ipso

255 2085 376 2147 eodem
400 2083 478 2147 loco
504 2082 679 2146 Henricus
710 2081 817 2145 libere
843 2081 1035 2146 custoditus
1065 2089 1130 2158 est,
1157 2101 1200 2145 ne

255 2189 469 2247 servatorum
505 2181 718 2260 diligentiam
746 2181 873 2262 effugio
899 2180 1044 2244 luderet.
1112 2180 1201 2245 Post

256 2282 405 2345 medium
419 2269 546 2345 annum
560 2279 713 2358 laxatus,
730 2279 830 2344 fratri
845 2279 1021 2344 Willelmo
1038 2279 1201 2344 invitanti

256 2383 465 2445 serviturum
491 2400 529 2444 se
552 2380 697 2460 obtulit3
721 2387 759 2443 at
782 2379 852 2456 ille,
875 2379 983 2443 nihilo
1009 2379 1199 2443 modestius

256 2481 424 2564 ephebum
446 2498 680 2557 remunerans,
696 2479 775 2562 plus
800 2499 890 2544 anno
911 2479 1071 2544 inanibus
1096 2497 1201 2561 spon-

255 2582 411 2645 sionibus
425 2587 583 2663 egentem
600 2579 744 2644 distulit.
796 2578 1029 2663 Quapropter,
1046 2579 1201 2643 Roberto

256 2682 531 2745 emendationem
567 2678 651 2742 sacti
688 2699 750 2761 per
779 2679 925 2744 nuncios
967 2679 1202 2762 promittente,

258 2778 505 2846 Normanniam
531 2778 636 2855 venit,
660 2780 837 2842 amborum
864 2779 1009 2843 fratrum
1035 2784 1201 2861 expertus

257 2877 413 2941 insidias.
464 2877 558 2941 Nam
575 2886 611 2942 et
624 2897 698 2955 rex,
713 2898 776 2962 pro
798 2878 937 2961 repulsa
951 2878 1073 2956 iratus,
1091 2885 1130 2941 ut
1147 2896 1201 2940 re·

256 2978 423 3057 tineretur
443 2976 573 3041 frustra
599 2977 801 3058 mandarat3
833 2985 868 3042 et
900 2997 1026 3055 comes,
1060 2995 1201 3041 accusa-

257 3085 371 3141 torum
401 3077 580 3141 lenociniis
611 3083 777 3154 mutatus,
800 3078 1015 3142 voluntatem
1038 3083 1203 3154 verterat,

257 3185 297 3241 ut
310 3176 487 3241 blanditiis
501 3183 723 3240 attrectatum
737 3197 808 3241 non
824 3178 874 3241 ita
887 3177 988 3241 facile
1002 3177 1200 3240 dimitteret.

257 3276 389 3347 Verum
412 3276 483 3353 ille,
501 3276 569 3339 Dei
590 3276 809 3359 providentia
831 3284 866 3340 et
888 3276 1006 3358 sagaci
1032 3294 1097 3338 sua
1124 3275 1201 3339 dili-

258 3376 377 3457 gentia
412 3382 538 3440 cuncta
573 3376 724 3440 evadens
767 3375 933 3458 pericula,
976 3375 1202 3457 occupatione
1296 3379 1300 3384 ’

257 3473 489 3538 Abrincarnm
519 3482 555 3538 et
587 3474 803 3558 quorundam
835 3473 1056 3537 castellorum
1088 3473 1203 3555 coegit

257 3574 398 3639 fratrem
412 3575 560 3638 libenter
575 3574 654 3657 paci
669 3594 808 3638 manum
824 3574 958 3639 dedere.
1003 3572 1078 3637 Nec
1093 3573 1203 3636 multo

257 3681 350 3757 post,
359 3673 534 3738 Willelmo
544 3675 702 3738 veniente
719 3676 756 3737 in
772 3673 1023 3738 Normanniam
1037 3672 1089 3736 uti
1106 3691 1143 3735 se
1161 3671 1203 3735 de

257 3774 365 3837 fratre
387 3773 542 3837 Roberto
571 3773 806 3849 ulcisceretur,
833 3772 950 3836 comiti
982 3771 1202 3853 obsequelam

259 3893 359 3937 suam
373 3871 542 3949 exhibuit,
561 3872 750 3954 Rotomagi
764 3866 773 3903 ¹
781 3870 926 3955 positus.
976 3870 1135 3952 Denique
1149 3890 1203 3933 re·

259 3973 335 4054 gios
351 3992 392 4036 eo
408 3971 558 4035 interdiu
574 3971 764 4049 venientes
778 3972 838 4054 qui
853 3970 933 4034 dolo
955 3970 1080 4034 civium
1094 3977 1204 4033 totam

253 4072 462 4155 jampridem
486 4079 740 4153 occupaverant
768 4073 900 4148 urbem,
928 4071 1034 4153 probe
1058 4068 1204 4152 expulit,

434 4322 442 4355 ¹
455 4324 577 4387 Pacilus]
594 4323 627 4376 A.
642 4326 672 4373 C.
684 4325 719 4373 D.
732 4325 764 4373 E.
776 4324 807 4373 L.
815 4338 823 4385 ;
840 4325 985 4385 proventus,
997 4320 1025 4371 S.
