3142 5025
433 528 501 594 758
719 544 893 593 nrsronrr
917 545 1095 594 uovnnnn.
1223 530 1313 613 [nro.
1332 546 1390 593 111.

276 721 412 813 mm·-
437 722 552 767 causa
576 722 599 767 a
621 702 815 777 Decembri,
832 722 903 785 quo
926 710 1026 785 pater
1047 700 1231 767 defunctus
1254 710 1319 781 est,
1333 722 1393 766 us-

277 823 427 864 ufruend-
438 822 507 885 que
523 810 603 886 post
617 821 765 885 sequens
781 801 931 878 Pascha,
947 802 984 865 in
999 801 1217 867 Normannia
1230 804 1391 867 continu-

194 956 205 975 ,
277 873 419 964 ἔξω
441 902 543 980 erint,
558 922 601 967 ne
617 904 736 966 statim
755 902 792 966 in
810 900 972 983 Angliam
989 904 1131 967 veniens
1150 904 1278 967 sororis
1300 902 1394 986 inju-

441 1004 513 1066 rias
538 1002 739 1067 vindicaret.
800 1001 981 1065 Postremo
1008 1003 1161 1079 veniere,
1184 1021 1288 1085 quam
1309 1022 1394 1084 pru-

443 1102 539 1165 denti
552 1102 698 1166 consilio
713 1108 748 1165 et
763 1120 835 1182 qua
849 1101 1055 1183 exceptione
1072 1102 1117 1164 nd
1133 1102 1322 1165 hominium
1338 1121 1395 1165 re·

444 1202 498 1283 gis
521 1220 560 1265 se
579 1200 810 1277 inclinaverit,
826 1207 862 1264 et
883 1219 987 1282 quarn
1005 1200 1101 1284 juste
1122 1201 1395 1284 idem'sequenti

445 1320 536 1365 anno
551 1308 587 1365 et
600 1301 761 1383 deinceps
778 1298 955 1383 abjecerit.

497 1400 516 1483 §
530 1401 585 1465 57.
603 1399 681 1464 Nec
693 1407 747 1464 est
763 1398 1016 1482 praetermissus
1032 1399 1204 1464 sccundus
1221 1401 1297 1484 ejus
1312 1406 1398 1482 post

446 1506 592 1564 mortem
605 1500 715 1581 patris
732 1518 755 1562 a
770 1498 988 1563 Normannia
1001 1498 1037 1561 in
1054 1497 1220 1581 Angliam
1237 1518 1314 1562 cum
1337 1518 1398 1563 so-

447 1618 525 1663 rore
540 1598 734 1676 adventns3
757 1599 793 1661 in
810 1616 914 1680 quam
928 1616 966 1659 se
979 1598 1070 1661 sicut
1082 1599 1119 1662 in
1136 1598 1310 1680 quandam
1324 1597 1397 1680 syl-

448 1716 527 1763 vam
543 1697 761 1761 frementium
778 1697 970 1760 belluarum
984 1696 1162 1774 immersit,
1179 1697 1246 1761 Dei
1258 1697 1400 1780 quidem

449 1796 563 1879 gratia
578 1804 613 1861 et
627 1797 734 1860 animi
749 1795 958 1861 confidentia
972 1795 1092 1874 fretus,
1108 1797 1169 1860 sed
1183 1798 1245 1861 vix
1259 1804 1400 1861 centum

449 1904 485 1961 et
500 1895 732 1979 quadraginta
746 1895 913 1959 militibus
929 1896 1091 1978 stipatus.
1144 1896 1212 1959 Sed
1229 1916 1294 1961 nec
1310 1896 1400 1960 illud

450 1997 607 2072 tacitum,
624 1996 715 2077 qnod
736 1996 774 2059 in
791 2002 891 2059 tanto
905 2002 1002 2058 motu
1024 1995 1203 2072 bellorum,
1226 2016 1305 2061 cum
1326 1996 1400 2059 sol·

450 2096 555 2160 licitae
572 2096 700 2178 ubique
716 2093 1012 2177 praetenderentur
1028 2096 1197 2172 excubiae,
1217 2115 1295 2159 cum
1316 2095 1401 2157 solis

450 2195 630 2260 duodecim
644 2194 811 2258 militibus
826 2193 973 2276 impigre
989 2193 1034 2257 ad
1051 2195 1193 2258 Bristou
1208 2194 1323 2274 venit3
1342 2213 1402 2258 so-

451 2315 528 2360 rore
552 2294 690 2357 interim
713 2293 807 2376 apud
829 2291 1056 2357 Arundellum
1078 2294 1158 2371 lida,
1177 2302 1217 2358 ut
1241 2294 1403 2376 putabat,

452 2393 610 2459 custodia
627 2394 823 2457 commissa.
875 2392 955 2470 Qua
977 2393 1160 2476 prudentia
1182 2402 1218 2459 et
1239 2400 1322 2457 tunc
1344 2412 1403 2456 so-

452 2515 565 2559 rorem
579 2513 679 2558 suam
693 2514 712 2558 e
727 2492 849 2557 mediis
864 2492 1021 2557 hostibus
1044 2493 1088 2558 ad
1106 2513 1144 2558 se
1169 2493 1348 2576 receperit,
1366 2502 1404 2559 et

451 2594 671 2677 postmodum
702 2594 740 2656 in
771 2593 931 2656 omnibus
957 2613 1020 2674 pro
1050 2613 1152 2675 posse
1182 2593 1403 2676 provexerit3

453 2714 589 2777 semper
609 2695 701 2759 circa
724 2711 801 2756 eam
825 2684 1063 2770 conversatus,
1089 2693 1198 2776 ipsius
1222 2693 1404 2758 commoda

454 2813 654 2876 procurans,
685 2811 749 2856 sua
772 2798 996 2875 postponens
1033 2811 1111 2856 cum
1143 2792 1284 2875 quidam
1315 2794 1404 2855 abu-

454 2900 569 2958 tentes
591 2895 668 2977 ejus
688 2891 846 2955 absentia
869 2898 979 2955 terras
1002 2892 1113 2974 ipsius
1137 2893 1289 2975 undique
1304 2891 1404 2956 velli·

455 2999 606 3055 carent..
638 2990 695 3054 Ad
717 2997 940 3072 postremum,
961 3009 1031 3072 qua
1050 2992 1256 3055 necessitate
1275 2991 1405 3056 adduc-

455 3098 525 3167 tus,
539 3097 580 3153 ut
594 3108 757 3171 generum
775 3109 889 3167 suum,
903 3109 1005 3172 quern
1020 3109 1081 3154 rex
1097 3090 1295 3168 incluserat,
1313 3091 1407 3172 pori-

457 3190 535 3254 culo
558 3190 737 3267 eximeret,
761 3189 852 3253 bello
877 3190 976 3270 gravi
1001 3208 1039 3252 se
1063 3190 1195 3254 dederit
1220 3209 1406 3272 regemque

344 3299 349 3306 ’
457 3289 597 3373 ceperit.
649 3289 718 3352 Sed
743 3296 816 3352 tam
838 3288 971 3353 felicem
995 3297 1156 3354 eventum
1181 3291 1296 3372 captio
1313 3282 1406 3372 ¹ejus

456 3390 549 3472 apud
563 3389 792 3465 Wintoniam,
807 3394 847 3451 ut
859 3389 895 3452 in
910 3389 1097 3470 superioris
1111 3389 1192 3452 anni
1205 3389 1313 3470 gestis
1326 3408 1407 3470 per-

457 3491 595 3567 strinxi,
621 3489 725 3571 paulo
754 3489 868 3551 minus
894 3481 1101 3567 ²delinavit3
1134 3508 1332 3572 quanquam
1364 3507 1409 3551 ea

458 3590 618 3670 captione
634 3608 704 3652 non
728 3595 800 3651 tam
819 3587 1052 3651 miserandum
1067 3607 1172 3669 quam
1194 3586 1408 3652 laudandum

457 3709 495 3752 se
520 3689 679 3770 ipseper
706 3687 774 3750 Dei
799 3687 947 3768 gratiam
972 3687 1185 3751 exhibuerit:
1215 3707 1294 3751 cum
1316 3687 1411 3750 enim

457 3788 592 3853 videret
614 3789 729 3869 regios
756 3787 898 3850 comites
921 3787 971 3850 ita
997 3787 1191 3850 obstinatos
1221 3787 1265 3851 ad
1294 3805 1412 3870 perse-

422 3972 424 3974 *
459 3888 632 3971 quendum
646 3900 686 3951 ut
702 3887 777 3948 sine
800 3905 940 3950 suorum
960 3885 1166 3950 detrimento
1187 3906 1242 3950 res
1261 3886 1412 3968 transigi

460 3988 629 4070 nequiret,
653 4005 773 4049 omnes
802 3986 927 4067 quibus
958 3987 1114 4062 timebat,
1139 3986 1414 4067 nominatimque

498 4253 505 4285 ¹
518 4249 601 4324 ilisa]
619 4256 669 4314 E.;
686 4253 790 4303 omitted
807 4253 833 4300 in
846 4249 874 4302 S.
887 4253 921 4302 D.
950 4321 970 4370 S
985 4247 1154 4369 afflissm']
1178 4251 1228 4310 Ε.;
1251 4247 1421 4311 decoloravit,

461 4327 516 4375 Li.
971 4357 978 4369 .
1020 4357 1026 4371 .
1087 4355 1093 4368 .
