3142 5025
434 504 502 571 752
727 517 902 567 rusroam
924 516 1103 566 novrum.
1231 500 1316 583 [mn.
1335 514 1395 560 ru.

277 695 377 737 rm
437 674 534 739 tricis
548 673 708 737 fidelibus
722 673 950 751 inferrentur3
973 670 1160 735 Andevora
1172 670 1389 736 etiamvicus

273 744 346 785 'm‘
436 775 607 838 incensus.
659 771 717 836 Ab
737 770 915 837 occidente
939 770 1058 852 itaque
1080 788 1159 833 raro
1181 778 1217 834 et
1239 778 1390 852 angusto

436 873 713 954 importabantur
743 872 950 945 necessaria,
981 870 1173 933 viatoribus
1210 870 1389 933 nonnullis

436 969 638 1053 interceptis
654 970 711 1035 vel
725 970 862 1046 occisis,
876 969 933 1033 vel
945 976 1047 1050 parte
1068 970 1297 1033 membrorum
1309 988 1389 1033 mu-

436 1068 566 1135 tilatis:
589 1071 634 1133 ab
657 1070 789 1133 oriente
802 1088 885 1132 vero
905 1074 981 1132 toto
1000 1068 1139 1132 tramite
1152 1086 1274 1131 versus
1290 1067 1387 1131 Lou-

436 1168 576 1234 doniam
597 1168 884 1250 constipabantur
898 1165 1031 1231 semitae
1054 1166 1274 1230 multitudine
1291 1186 1387 1229 com·

437 1276 625 1344 meatuum,
633 1267 795 1349 episcopo
813 1274 848 1329 et
859 1266 931 1329 suis
944 1265 1239 1347 importandorum
1251 1287 1260 1346 3
1274 1259 1389 1329 ¹Gau-

436 1366 527 1431 frido
537 1368 580 1431 de
595 1365 821 1441 blandevilla,
830 1365 891 1447 qui
899 1364 974 1448 jam
985 1364 1109 1427 iterum
1119 1365 1252 1428 auxilio
1264 1384 1387 1428 eorum

436 1473 601 1542 cesserat,
617 1472 721 1528 antea
743 1465 834 1527 enim
849 1469 930 1545 post
942 1463 1139 1546 captionem
1160 1464 1253 1545 regis
1275 1464 1385 1546 impe·

436 1566 555 1629 ratrici
582 1564 784 1627 fidelitatem
806 1562 999 1646 juraverat,
1025 1568 1062 1626 et
1084 1561 1385 1627 londoniensibus

429 1664 589 1727 maxime
602 1662 851 1738 annitentibus,
866 1660 1020 1742 nihilque
1035 1662 1175 1725 omnino
1190 1661 1283 1743 quod
1304 1681 1387 1744 pos-

436 1768 514 1825 sent
542 1761 884 1845 praetermittentibus
918 1778 988 1841 quo
1017 1760 1268 1841 imperatricem
1301 1780 1385 1825 con·

435 1860 624 1924 tristarent.
653 1859 913 1924 Wintonionses
931 1877 1034 1940 porro
1047 1859 1104 1924 vel
1117 1860 1225 1923 tacito
1241 1860 1273 1923 ei
1285 1858 1384 1924 favo-

435 1959 521 2022 bant
530 1958 675 2043 judicio,
688 1977 856 2023 memores
872 1957 952 2021 fidei
968 1976 1072 2040 quam
1088 1959 1119 2021 ci
1134 1959 1229 2040 pacti
1245 1957 1385 2024 fuerant

435 2076 514 2121 cum
530 2057 632 2122 inviti
641 2057 888 2139 propemodum
899 2058 943 2119 ab
954 2056 1116 2139 episcopo
1131 2056 1176 2119 ad
1188 2057 1253 2121 boc
1265 2057 1384 2123 adacti

434 2164 563 2221 essent.
615 2156 756 2220 Interea
790 2175 835 2219 ex
867 2162 962 2219 turre
986 2155 1160 2237 pontificis
1182 2156 1380 2239 jaculatum

434 2256 630 2319 incendium
654 2256 691 2318 in
720 2255 842 2318 domos
870 2255 1093 2335 burgensium
1116 2252 1206 2339 (qui,
1232 2262 1271 2319 ut
1295 2256 1383 2333 dixi,

434 2354 613 2436 proniores
635 2360 737 2417 crant
756 2353 986 2434 imperatricis
1007 2353 1165 2417 felicitati
1180 2372 1284 2435 quam
1309 2355 1384 2437 epi-

434 2448 548 2538 scopi)
573 2451 832 2535 comprebendit
856 2458 891 2516 et
914 2452 1103 2516 combussit
1128 2453 1303 2518 abbatiam
1325 2460 1382 2519 to·
1477 2471 1481 2479 ·

433 2561 505 2618 tam
525 2551 838 2616 sanctimonialium
855 2551 947 2615 intra
960 2552 1092 2628 urbem,
1108 2552 1278 2637 simulque
1290 2546 1383 2617 ²coe·

270 2662 328 2704 ⁸¹⁶0
337 2671 420 2703 mm
432 2652 573 2716 nobium
586 2650 680 2733 qnod
694 2651 822 2714 dicitur
837 2648 895 2714 Ad
908 2650 1041 2714 Hidam
1065 2657 1174 2714 extra
1228 2652 1315 2716 Erat
1330 2653 1381 2716 ibi

270 2713 395 2762 mm
431 2751 548 2832 imago
571 2750 729 2813 crucifixi
743 2749 886 2813 Domini
906 2769 1035 2830 magna
1056 2749 1146 2813 mole
1168 2751 1244 2813 auri
1265 2758 1301 2814 et
1322 2770 1380 2814 ar·

432 2851 541 2931 genti,
551 2849 721 2930 simulque
732 2842 1075 2930 gemmarum,³dono
1087 2847 1258 2912 cnutonis
1269 2869 1381 2932 quon-

431 2947 510 3010 dam
532 2949 625 3028 regis
656 2966 802 3029 operosa
827 2947 1011 3011 devotione
1040 2945 1253 3012 fabrefacta:
1289 2948 1378 3027 haec,

431 3047 511 3126 igne
544 3052 627 3109 tunc
655 3045 901 3129 comprehensa
926 3051 962 3108 et
984 3045 1060 3108 solo
1088 3052 1275 3127 prostrata,
1298 3057 1380 3129 post

433 3144 537 3207 etiam
558 3144 703 3227 jubente
729 3143 847 3225 legato
872 3150 1075 3207 excrustata
1101 3151 1168 3208 est.
1219 3145 1379 3210 Iuventas

431 3242 617 3325 plusquam
642 3243 841 3324 quingentae
873 3242 1010 3324 argenti
1037 3261 1176 3320 marcae,
1207 3245 1283 3307 auri
1313 3246 1379 3308 tri·

432 3343 543 3423 ginta,
555 3342 720 3406 donativo
732 3341 880 3405 militum
895 3339 1082 3422 profecere.
1123 3340 1313 3407 Combusta
1324 3351 1380 3409 est

269 3451 419 3552 &aaut
432 3440 536 3504 etiam
559 3442 701 3505 abbatia
722 3439 1037 3505 sanctimonialium
1064 3439 1107 3502 de
1120 3439 1330 3506 Warewella
1354 3462 1379 3507 a

432 3542 582 3622 quodam
595 3539 772 3604 Willelmo
796 3538 839 3602 de
865 3539 961 3620 Ipra,
983 3538 1121 3634 bomine
1143 3539 1301 3618 nefando,
1318 3543 1380 3623 qui

431 3658 496 3702 nec
515 3640 593 3702 Deo
615 3658 678 3702 nec
700 3638 895 3702 bominibus
914 3639 1142 3701 reverentiam
1165 3641 1380 3718 observaret,

431 3739 523 3821 quod
538 3740 575 3801 in
590 3756 633 3801 ea
649 3737 788 3820 quidam
809 3737 1037 3819 imperatricis
1059 3735 1213 3802 fautores
1235 3757 1273 3803 so
1294 3749 1378 3804 conss

430 3838 536 3901 tutati
551 3843 678 3901 essent.

464 4083 608 4144 ¹Guasrido
628 4085 658 4132 de
682 4085 848 4134 Munderilla.
862 4119 888 4134 ..
948 4056 1131 4123 'emim-l
1160 4062 1208 4120 E.;
1231 4064 1379 4113 0oen⁰bium

420 4155 571 4218 jamma]
589 4155 639 4215 a.;
658 4154 763 4202 omitted
774 4155 801 4202 u
817 4153 846 4204 s.
860 4157 889 4204 c.
913 4130 1100 4228 mqnacuorum,
1111 4130 1140 4179 S·
1152 4130 1187 4180 D·
1199 4131 1254 4182 La.

428 4223 463 4274 D.
476 4225 510 4274 [ι’.
523 4224 578 4274 La.
971 4200 1063 4263 Dm]
1080 4199 1109 4250 S·
1121 4200 1155 4250 Ε.
1171 4201 1242 4262 L2.;
1259 4203 1381 4266 exdeus,

916 4268 950 4317 D.
