3142 5025
169 529 240 576 nra.
258 513 331 595 na]
459 529 634 577 fflsronm
657 530 836 580 novrum.
1055 523 1122 586 755

170 777 218 824 DE
256 771 426 824 CONGILIO
462 777 535 836 Quo
572 776 735 826 LEGATUS
768 778 951 826 TENTAVIT
985 780 1121 830 LENlRE

220 875 369 924 GAUSAM
409 876 646 924 Rucnsnloms
683 877 944 927 lurussaunlols
980 880 1019 927 ΙΝ
1055 882 1121 928 Do·

221 975 355 1023 MINAM.

223 1082 304 1165 §52
321 1080 462 1145 Interea
475 1082 626 1162 legatus,
642 1081 817 1145 immodici
831 1083 936 1146 animi
949 1085 1119 1165 pontifex,
1130 1109 1247 1151 amena

171 1182 232 1264 qui
246 1181 339 1263 quod
353 1180 459 1244 semel
470 1181 708 1262 proposuisset
722 1201 793 1244 non
806 1181 1001 1248 ineffectum
1017 1185 1120 1247 relin-
1129 1161 1246 1250 daim

172 1300 276 1362 quere
300 1279 622 1356 vellet,>concilium
648 1299 712 1362 pro
732 1280 812 1363 jure
836 1281 1020 1362 legationis
1046 1302 1119 1346 suae
1131 1258 1211 1299 Μ’

170 1380 263 1461 apud
293 1378 642 1443 westmonasterium
679 1378 735 1443 die
774 1387 977 1444 octavarum
993 1383 1121 1445 sancti

171 1477 323 1543 Andreae
340 1478 467 1559 coegit.
519 1477 607 1560 Ejus
629 1478 767 1542 concilii
780 1480 956 1572 actionem
978 1481 1123 1544 nonita

170 1585 298 1641 exacta
310 1577 378 1640 fide
397 1577 588 1658 pronuncio
605 1583 646 1640 ut
662 1577 861 1658 superioris
879 1578 963 1660 quia
980 1599 1050 1643 non
1065 1580 1120 1642 in-

171 1678 287 1741 terfui.
338 1673 505 1739 Auditum
529 1683 583 1739 est
599 1676 708 1739 lectas
729 1676 766 1739 in
792 1696 834 1740 eo
855 1678 975 1741 literas
990 1678 1121 1742 domini

171 1775 364 1858 apostolici,
373 1775 499 1857 quibus
511 1774 669 1839 modeste
683 1775 838 1856 legatum
853 1783 1014 1857 argueret
1027 1779 1119 1860 quod

173 1875 318 1938 liberare
334 1873 476 1936 fratrem
492 1893 593 1936 suurn
607 1874 871 1938 dissimulasset.
922 1875 1053 1940 Delicti
1067 1883 1121 1940 ta-

171 1993 250 2037 men
267 1973 454 2055 superioris
467 1973 615 2054 gratiam
630 1971 762 2052 facere3
786 1980 823 2037 et
839 1992 1047 2056 magnopere
1063 1994 1121 2039 co·

170 2073 315 2149 hortari,
332 2078 372 2135 ut
384 2091 590 2154 quocunque
605 2071 720 2149 modo,
734 2072 791 2136 vel
813 2072 1047 2137 ecclesiastico
1062 2074 1118 2138 vel

172 2172 332 2248 seculari,
348 2178 479 2252 posset,
498 2171 543 2234 ad
560 2172 716 2252 germani
738 2171 978 2236 liberationem
1006 2174 1118 2236 accin-

170 2280 320 2353 geretur.
366 2269 500 2351 Regem
515 2270 629 2352 ipsum
641 2271 678 2332 in
694 2271 877 2334 concilium
893 2271 1066 2349 introisse,
1083 2279 1119 2336 et
1129 2294 1236 2343 Theklng

171 2371 264 2453 apud
287 2376 447 2433 sanctum
466 2377 673 2433 conventum
700 2370 949 2452 querimoniam
971 2349 1265 2452 deposu-iii'ii'dniir.

169 2471 250 2546 isse,
264 2469 357 2553 quod
378 2468 535 2533 homines
555 2469 611 2533 sui
625 2476 660 2533 et
674 2488 752 2533 eum
774 2469 941 2552 ceperint,
957 2477 993 2535 et
1010 2470 1117 2535 afflic-

170 2572 264 2635 tione
278 2568 562 2634 contumeliarum
575 2568 680 2650 paulo
695 2570 810 2633 minus
821 2570 1046 2647 extinxerint‚
1058 2572 1118 2653 qui

165 2670 340 2752 justitiam
357 2669 407 2731 eis
420 2686 598 2749 nunquam
609 2675 782 2749 negasset.
829 2668 949 2750 Ipsum
963 2669 1117 2751 legatum
1130 2690 1175 2729 rue
1184 2690 1253 2739 aas

170 2769 306 2850 magnis
319 2767 525 2847 eloquentiae
540 2766 673 2830 viribus
685 2766 857 2831 factorum
872 2787 1012 2831 suorum
1026 2770 1116 2833 invi-
1128 2745 1260 2830 iiiiii?

171 2868 264 2930 diam
288 2871 443 2929 tentasse
466 2865 650 2929 alleviare:
675 2866 791 2947 ‘quod
813 2867 946 2931 scilicet
967 2840 1282 2951 impera-iiiiiii‘

171 2967 292 3030 tricem
314 2983 385 3027 non
401 2964 584 3027 voluntate
607 2964 667 3027 sed
689 2966 896 3031 necessitate
917 2969 1117 3049 recepisset,

171 3066 299 3148 quippe
319 3083 398 3126 cum
415 3064 545 3127 recenti
567 3063 679 3127 adbuc
696 3064 814 3128 fratris
836 3067 892 3129 sui
908 3066 1005 3130 clade
1025 3066 1117 3153 (om-

170 3166 272 3229 nibus
297 3163 480 3229 comitibus
496 3162 552 3226 vel
566 3162 710 3244 fugatis,
726 3163 782 3227 vel
799 3172 959 3229 eventum
974 3167 1023 3229 rei
1040 3186 1118 3231 sus-

168 3271 272 3346 pecta
285 3269 399 3325 mente
411 3259 724 3346 praestolantibus)
732 3263 812 3343 ipsa
825 3282 902 3327 cum
914 3266 986 3328 suis
1000 3285 1119 3331 muros

169 3361 360 3427 Wintoniae
383 3362 681 3437 circumsonasset,
698 3362 810 3442 ipsam
823 3381 1037 3445 quaecunque
1054 3384 1116 3446 pe-

168 3462 306 3545 pigerat
321 3460 365 3524 ad
392 3461 614 3524 ecclesiarum
626 3459 687 3541 jus
711 3461 921 3540 pertinentia
941 3462 1116 3527 obstinate

168 3561 324 3642 fregisse.
368 3560 581 3638 Quinetiam
597 3558 700 3621 certis
716 3560 914 3623 auctoribus
934 3561 979 3625 ad
1001 3580 1039 3625 se
1058 3562 1118 3625 de·

168 3660 278 3726 latum
294 3678 369 3722 eam
387 3666 423 3722 et
438 3677 520 3721 suos
541 3678 609 3721 non
635 3656 747 3720 solum
768 3658 931 3740 dignitati
953 3679 1039 3738 sure,
1055 3662 1118 3725 sed

169 3769 204 3839 et
221 3760 315 3833 vitae,
338 3757 509 3821 struxisse
532 3756 697 3820 insidias:
724 3764 900 3835 caeterum,
917 3758 1030 3821 Deum
1054 3780 1116 3842 pro

168 3878 232 3923 sua
252 3857 548 3920 clementia'secus
565 3874 670 3939 quam
684 3857 762 3937 ipsa
782 3865 956 3938 sperasset
971 3859 1122 3923 vertisse

168 3957 321 4038 negotia,
343 3963 383 4019 ut
405 3962 440 4019 et
460 3957 536 4037 ipse
557 3955 743 4037 perniciem
755 3956 894 4033 vitaret,
917 3963 952 4021 et
974 3956 1116 4021 fratrem

169 4075 270 4120 suum
297 4054 445 4118 vinculis
477 4055 656 4118 eximeret.
709 4054 834 4136 Itaque
858 4055 980 4139 jubere
1009 4075 1047 4120 se
1074 4038 1257 4166 dampnata·

168 4162 268 4237 parte
285 4154 353 4216 Dei
375 4161 410 4217 et
428 4152 623 4235 apostolici,
646 4159 687 4216 ut
708 4173 836 4235 regem,
853 4153 1035 4219 voluntate
1055 4176 1226 4239 paoem„

168 4241 291 4336 puli'et
304 4272 449 4316 assensu
466 4252 557 4315 sedis
575 4251 776 4335 apostolicae
800 4254 992 4332 inunctum,
1007 4275 1117 4338 quan·
1128 4226 1188 4277 mg.
