3142 5025
219 541 288 591 nin.
306 528 358 608 u]
448 540 562 591 ousrn
585 542 711 592 aucun
737 543 952 593 nuenonun.
1103 528 1168 594 641

221 705 275 765 ter
286 700 503 781 continebat3
519 698 613 764 fures
626 707 662 765 et
677 698 838 766 falsarios
854 700 1003 765 latentes
1014 702 1170 765 maxima

222 800 404 883 diligentia
420 807 655 883 perscrutans,
671 801 831 865 inventos
846 801 993 883 puniens
1006 820 1015 881 3
1043 819 1169 883 parva-

221 920 298 964 rum
316 919 454 983 quoque
476 918 590 964 rerum
609 919 678 963 non
695 900 886 981 negligens.
939 893 1046 963 ¹Cum
1070 919 1170 963 num-

223 1018 298 1063 mos
312 998 452 1076 fractos,
463 998 546 1063 licet
558 999 640 1062 boni
655 999 804 1080 argenti,
817 1018 839 1061 a
849 999 1087 1064 venditoribus
1101 1018 1171 1062 non

224 1097 330 1180 recipi
354 1098 520 1174 audisset,
537 1116 654 1161 omnes
667 1098 723 1161 vel
749 1097 864 1179 frangi
880 1098 935 1162 vel
958 1097 1064 1162 incidi
1080 1116 1171 1179 prae·

224 1196 326 1279 cepit.
396 1196 632 1261 Mercatorum
659 1196 783 1260 falsam
809 1197 928 1260 ulnam
959 1197 1170 1278 castigavit3

224 1294 356 1359 brachii
381 1296 435 1359 sui
468 1314 629 1360 mensum
659 1295 826 1372 adhibita,
853 1295 1080 1378 omnibusque
1111 1315 1174 1378 per

226 1392 391 1476 Angliam
407 1393 597 1478 proposita.
642 1386 858 1459 ²Curialibus
876 1395 961 1471 suis,
976 1395 1173 1477 ubicunque

225 1493 386 1558 villarum
413 1501 517 1571 esset,
547 1498 716 1576 quantum
741 1512 763 1558 a
784 1494 923 1557 rusticis
946 1494 1056 1575 gratis
1082 1494 1173 1558 acci·

226 1612 319 1675 pere,
333 1600 501 1675 quantum
519 1599 554 1656 et
569 1598 677 1675 quoto
696 1591 809 1675 pretio
832 1611 944 1657 emere
961 1592 1173 1670 debuissent,

227 1690 368 1772 edixit3
406 1699 680 1775 transgressores
718 1691 774 1755 vel
813 1691 912 1772 gravi
950 1692 1174 1774 pecuniarum

227 1791 368 1869 mulcta,
384 1791 440 1855 vel
461 1792 543 1856 vitae
564 1789 757 1872 dispendio,
780 1788 944 1854 afficiens.
997 1790 1174 1873 Principio

228 1889 339 1972 regni,
356 1896 397 1953 ut
411 1896 542 1954 terrore
557 1888 708 1971 exempli
731 1908 809 1953 reos
829 1889 993 1965 inureret,
1008 1888 1053 1952 ad
1068 1908 1175 1953 mem·

227 1989 367 2052 brorum
393 1988 715 2069 detruncationem„
730 1994 811 2070 post
833 1987 876 2052 ad
899 1988 1056 2071 pecuniae
1080 1988 1175 2052 solu·

230 2087 356 2151 tionem
375 2087 583 2169 proclivior3
609 2106 673 2170 pro
690 2106 825 2150 morum
839 2085 1034 2169 prudentia,
1050 2094 1089 2149 ut
1104 2087 1176 2151 fere

230 2184 297 2251 fert
323 2193 449 2250 natura
474 2185 684 2264 mortalium,
711 2186 937 2268 optimatibus
959 2186 1176 2264 venerabilis,

230 2285 499 2367 provincialibus
517 2284 674 2348 amabilis
697 2283 900 2348 habebatur.
953 2281 1057 2361 Quod
1071 2284 1101 2347 si
1116 2284 1177 2366 qui

230 2384 412 2467 maj0rum‚
432 2384 542 2468 jurati
569 2383 776 2447 sacramenti
801 2383 1028 2459 immemores,
1054 2400 1076 2445 a
1097 2381 1177 2447 fidei

230 2483 368 2548 tramite
402 2483 650 2560 exorbitarent,
683 2482 862 2560 continuo,
892 2488 928 2546 et
954 2481 1176 2546 consiliorum

231 2581 384 2647 efficacia
406 2588 441 2647 et
462 2582 620 2646 laborum
640 2581 911 2664 perseverantia,
933 2599 1096 2645 erroneos
1124 2601 1178 2646 re·

231 2682 380 2746 vocabat
389 2682 432 2745 ad
446 2682 592 2761 lineam3
609 2701 672 2764 per
688 2681 911 2763 asperitatem
923 2681 1103 2744 vulnerum
1117 2681 1178 2744 de-

231 2786 420 2844 trectantes
434 2778 600 2844 reducens
612 2780 656 2844 ad
671 2778 856 2844 sanitatem
872 2780 1077 2844 animorum.
1103 2778 1178 2844 Nec

232 2878 334 2942 facile
352 2895 457 2961 quam
469 2878 653 2943 diuturnos
665 2877 808 2942 sudores
825 2879 862 2941 in
879 2878 1009 2941 talibus
1021 2877 1179 2943 effuderit

233 2996 441 3054 enumerem,
458 2977 541 3041 dum
566 2977 650 3042 nihil
667 2977 800 3060 patitur
813 2977 961 3042 inultum
977 2977 1070 3060 quod
1085 2997 1108 3042 a
1120 2978 1179 3041 de·

232 3075 468 3158 linquentibus
492 3077 712 3140 commissum
728 3074 891 3158 dignitati
907 3095 981 3140 suae
997 3096 1067 3140 non
1088 3082 1181 3141 esset

233 3182 514 3239 consentaneum.
567 3175 771 3257 Pugnorum
796 3183 871 3240 erat
899 3175 1052 3240 maxima
1074 3193 1181 3240 causa

236 3271 466 3350 Normannia,
498 3279 539 3338 ut
563 3279 644 3338 ante
670 3271 757 3350 dixi,
784 3273 822 3336 in
850 3292 920 3356 qua
949 3274 1024 3356 ipse
1051 3274 1182 3356 pariter

234 3372 352 3436 multis
370 3373 470 3436 annis
479 3371 621 3454 degens,
632 3371 772 3454 Angliee
783 3391 921 3454 quoqne
933 3373 1181 3454 prospiciebat3

234 3471 329 3535 nullo
353 3469 502 3536 audente
524 3478 630 3553 caput
654 3471 785 3553 erigere
803 3470 885 3533 dum
905 3469 964 3534 ille
989 3471 1181 3548 audaciam,

270 3756 279 3790 ¹
293 3760 355 3808 Cum
365 3771 472 3807 nummos
482 3755 594 3817 fructos.
607 3792 615 3809 .
628 3791 635 3808 .
647 3771 696 3806 om·
720 3757 886 3820 quelity,and
898 3762 926 3806 at
934 3757 978 3807 the
989 3756 1127 3807 sometime
1136 3757 1184 3806 len

232 3843 275 3879 aes
285 3825 417 3890 velsrangl
424 3828 462 3876 uel
472 3826 549 3876 incidi
557 3827 695 3891 pracepit]
719 3842 752 3876 no
768 3831 870 3889 protexi
879 3826 918 3875 for
932 3827 1047 3888 refusing
1057 3827 1120 3875 iton
1137 3842 1183 3875 ac·

232 3896 345 3946 ‘Whilet
363 3896 551 3959 endeavouring
565 3902 591 3946 to
607 3897 696 3946 distin·
720 3902 797 3946 count
807 3895 836 3944 of
843 3897 876 3945 its
887 3896 963 3957 being
978 3895 1073 3945 broken
1083 3909 1182 3957 money.

235 3965 310 4029 guish
333 3965 398 4027 good
420 3966 477 4014 coin
496 3964 559 4014 from
581 3969 695 4016 counter·
720 3966 753 4016 V.
773 3965 919 4024 Edmerum,
943 3965 1013 4016 illst.
1036 3965 1134 4017 Novor.
1156 3979 1183 4027 p.

233 4033 302 4097 felte,
318 4034 360 4083 the
379 4035 456 4084 silver
471 4048 556 4096 penny
573 4049 629 4084 was
647 4035 696 4084 fre·
720 4035 771 4086 943
787 4030 908 4102 (Sharpe,
919 4030 993 4101 5⁰⁷.)

234 4103 339 4166 quently
346 4103 509 4166 broken,and
517 4103 576 4153 then
584 4103 695 4154 refused.

235 4173 347 4232 Henry's
361 4172 435 4221 order
450 4172 572 4222 therefore
589 4173 645 4223 that
661 4172 696 4222 all
757 4168 767 4200 ¹
788 4171 930 4222 conditur
948 4167 1020 4233 nied
1048 4170 1102 4222 hl.
1121 4169 1185 4221 ends

234 4242 327 4294 should
348 4241 379 4290 be
401 4241 507 4304 broken,
524 4242 631 4293 enabled
647 4257 697 4304 any
721 4241 841 4304 abruptly
858 4241 1009 4294 withthese
1027 4240 1121 4305 words,
1142 4240 1185 4290 the

236 4325 283 4363 oue
294 4310 463 4372 immediately
476 4314 502 4360 to
518 4313 641 4363 ascensio
654 4311 697 4362 the
723 4311 780 4361 Me.
791 4312 867 4374 being
878 4310 1010 4361 defective.
