3142 5025
407 502 472 567 670
633 516 747 565 casm
769 515 896 565 nncuu
916 515 1133 565 ancnonuu.
1222 504 1306 583 [mn.
1326 519 1358 564 v.

409 674 563 738 ecclesiae
580 681 709 739 statum
724 675 1005 752 conturbaverat,
1015 693 1180 756 magnum
1194 675 1358 757 gaudium

409 774 565 858 quisquis
581 774 779 839 Christiane
803 774 931 856 sapuit,
954 775 1099 856 accepit,
1122 774 1215 856 quod
1240 776 1270 837 is
1292 776 1358 837 irn-

409 880 561 957 perator,
585 876 645 957 qui
673 874 833 957 proxima
856 872 1069 938 fortitudinis
1094 874 1207 955 gloria
1232 874 1358 938 acriter

411 974 535 1037 Karoli
559 974 676 1055 magni
699 974 880 1038 invaderet
892 973 1054 1055 vestigia,
1077 974 1182 1037 etiam
1206 994 1228 1038 a
1250 974 1356 1038 devo-

410 1074 503 1137 tione
517 1074 627 1157 ipsius
642 1074 678 1136 in
694 1074 809 1137 Deum
820 1093 891 1136 non
906 1073 1133 1155 degeneraret
1146 1092 1155 1154 ;
1179 1074 1252 1155 qui,
1266 1093 1357 1155 prae-

409 1180 463 1237 ter
480 1172 664 1237 Teutonici
680 1173 778 1255 regni
800 1173 961 1237 nobiliter
982 1173 1115 1255 sopitas
1140 1172 1357 1251 rebelliones,

409 1273 514 1335 etiam
532 1272 694 1337 Italicum
719 1272 770 1336 ita
793 1272 931 1353 subegit
947 1278 987 1335 ut
1001 1272 1117 1335 nullus
1139 1272 1235 1336 adeo.
1287 1272 1357 1336 Ter

409 1370 560 1436 enimin
588 1372 753 1436 decennio
774 1372 915 1436 Italiam
940 1371 1119 1454 ingressus
1140 1370 1277 1435 urbium
1302 1379 1358 1435 tu·

280 1475 283 1481 ’
409 1490 538 1535 morem
565 1472 798 1553 compescuit,
831 1472 943 1553 primo
971 1470 1125 1536 adventu
1153 1470 1356 1549 Novariam,

409 1569 637 1646 Placentiam,
672 1567 845 1649 Aretium,
877 1570 1096 1635 secundo‘et
1129 1571 1233 1634 tertio
1271 1570 1357 1634 Cre·

408 1689 547 1733 monam
563 1676 598 1733 et
618 1668 816 1747 Mantuam,
835 1669 996 1734 incendio
1014 1670 1270 1735 exterminans:
1294 1670 1355 1734 sed

408 1776 444 1833 et
460 1768 640 1833 Ravennae
659 1776 791 1833 motum
817 1788 1007 1853 paucorum
1027 1769 1207 1834 obsidione
1222 1769 1355 1833 dierum

408 1867 550 1948 lenivit;
577 1886 725 1951 namque
749 1868 870 1932 Pisani
895 1876 930 1933 et
955 1865 1159 1951 Papienses,
1177 1888 1256 1933 cum
1280 1867 1371 1932 Me-·

407 1968 676 2044 diolanensibus,
694 1969 882 2032 amicitiam
905 1968 981 2051 ejus
1004 1988 1109 2051 quam
1122 1969 1193 2032 vim
1208 1969 1358 2051 experiri

407 2066 594 2131 malebant.
646 2067 742 2132 Huic
764 2062 841 2154 (¹ut
854 2074 937 2132 ante
950 2068 1043 2132 satus
1065 2064 1160 2149 sum)
1177 2068 1250 2132 filia
1263 2069 1356 2149 regis

407 2163 547 2249 Angliae
564 2174 674 2249 nupta
687 2168 878 2232 exhibebat
891 2174 1025 2249 patrem
1047 2167 1263 2244 fortitudine,
1280 2186 1356 2231 ma·

408 2272 493 2329 trem
516 2266 704 2349 religione3
729 2267 960 2332 contendebat
975 2268 1012 2330 in
1036 2286 1078 2331 ea
1098 2266 1212 2349 pietas
1237 2266 1356 2330 indus-

406 2367 495 2444 triae,
525 2386 589 2430 nec
614 2366 707 2449 quod
732 2368 845 2450 magis
875 2367 1040 2449 probares
1067 2366 1278 2431 discerneres
1306 2366 1357 2430 sa-

407 2465 484 2532 cile.

245 2582 341 2644 Aqequn
351 2582 374 2623 or
459 2566 477 2649 ξ
491 2566 568 2630 439.
592 2565 679 2631 Erat
693 2571 777 2630 tunc
788 2565 986 2630 Willelmus
1002 2585 1118 2631 comes
1132 2566 1356 2631 Pictavorum

244 2633 394 2725 bilbili·
409 2664 525 2729 fatuus
540 2673 575 2730 et
589 2666 742 2729 lubricus
754 2686 762 2744 ;
779 2666 851 2747 qui,
866 2659 1070 2748 ²postquam
1083 2666 1126 2730 de
1140 2667 1355 2749 lerosolyma

247 2733 304 2774 ‘¹⁸¹¹'
408 2763 466 2850 (ut
489 2765 658 2848 superiori
682 2765 770 2830 libro
792 2766 921 2829 lectum
948 2762 1019 2850 est)
1043 2765 1156 2842 rediit,
1181 2767 1232 2829 ita
1254 2785 1355 2830 omne

407 2864 572 2939 uitiorum
602 2865 823 2928 volutabrum
856 2866 1034 2948 premebat
1069 2865 1170 2949 quasi
1201 2865 1355 2930 crederet

407 2965 523 3027 omnia
540 2964 684 3028 fortuitu
700 2963 770 3045 agi,
787 2982 858 3027 non
871 2964 1090 3046 providentia
1105 2965 1190 3046 regi.
1228 2965 1354 3046 Nugas

367 3143 370 3148 Ι
407 3081 510 3144 porro
527 3081 620 3139 suas,
641 3061 731 3125 salsa
744 3063 894 3145 quadam
908 3071 1093 3128 venustate
1117 3064 1293 3141 condiens,
1309 3064 1353 3127 ad

406 3161 550 3225 facetias
578 3163 775 3240 revocabat,
805 3162 1018 3227 audientium
1047 3165 1154 3227 rictus
1184 3163 1354 3228 cachinno

406 3260 617 3326 distendens.
668 3261 829 3345 Denique
852 3263 946 3345 apud
969 3263 1149 3328 castellum
1169 3263 1355 3345 quoddam,

407 3350 541 3438 ³Niort,
556 3361 755 3426 habitacula
775 3363 946 3444 quaedam,
973 3363 1073 3445 quasi
1096 3363 1355 3441 monasteriola,

406 3468 623 3538 construens,
639 3462 813 3525 abbatiam
837 3462 1000 3544 pellicum
1025 3461 1074 3525 ibi
1099 3482 1138 3527 se
1160 3462 1354 3544 positurum

405 3561 593 3640 delirabat;
610 3562 836 3643 nuncupatim
853 3561 950 3624 illam
965 3568 1001 3625 et
1015 3561 1123 3638 illam,
1138 3581 1355 3643 quaecunque

404 3660 598 3726 famosioris
625 3661 809 3742 prostibuli
828 3667 932 3737 esset,
961 3661 1173 3725 abbatissam
1199 3660 1257 3725 vel
1283 3663 1355 3744 pri-

404 3780 510 3837 orem,
532 3755 739 3825 ⁴caeterasve
773 3759 939 3824 officiales
972 3761 1213 3825 instituturum
1241 3761 1353 3824 canti·
1424 3814 1433 3828 .

417 4019 418 4022 ¹
438 4025 721 4089 ¹Utuatefatussum.]
733 4025 872 4089 Seebdao,
923 4022 935 4056 ³
954 4024 1060 4086 Niort]
1083 4024 1153 4083 L2.;
1177 4023 1280 4085 Niortb,
1301 4023 1352 4086 A.;

402 4114 428 4158 p.
440 4103 497 4147 655.
889 4096 957 4156 lucr,
968 4094 997 4144 S.
1010 4107 1018 4155 3
1035 4095 1110 4157 Nior,
1123 4094 1152 4143 C.
1165 4093 1199 4142 D.
1212 4094 1262 4154 13.;
1274 4095 1353 4158 Mori,
1413 4108 1416 4120 ¹

889 4167 919 4216 S.
936 4164 1001 4231 (var.
1012 4161 1084 4227 lect.)

439 4234 609 4298 'Postqaum.]
621 4233 654 4285 A.
666 4236 695 4284 C.
708 4235 743 4284 D.
756 4236 788 4286 E.
797 4237 864 4296 L2.;
923 4232 933 4262 ⁴
946 4233 1104 4297 Columna]
1118 4231 1235 4293 C.D.E.;
1247 4238 1354 4283 caeteras

402 4307 560 4368 priusquam,
572 4305 600 4353 S.
881 4320 950 4366 vero,
960 4304 994 4355 A.
1004 4305 1058 4353 Μ.
1071 4321 1078 4365 3
1094 4308 1188 4352 caetcra
1199 4317 1269 4366 vero,
1281 4303 1311 4352 S.
