<?xml version="1.0" encoding="UTF-8"?>
<!DOCTYPE html PUBLIC "-//W3C//DTD XHTML 1.0 Transitional//EN"
    "http://www.w3.org/TR/xhtml1/DTD/xhtml1-transitional.dtd">
<html xmlns="http://www.w3.org/1999/xhtml" xml:lang="en" lang="en">
 <head>
  <title>
</title>
<meta http-equiv="Content-Type" content="text/html;charset=utf-8" />
  <meta name='ocr-system' content='tesseract 3.04.00' />
  <meta name='ocr-capabilities' content='ocr_page ocr_carea ocr_par ocr_line ocrx_word'/>
</head>
<body>
  <div class='ocr_page' id='page_1' title='image "./willelmimalmesb01willgoog_0351.png"; bbox 0 0 3142 5025; ppageno 0'>
   <div class='ocr_carea' id='block_1_1' title="bbox 427 486 1379 572">
    <p class='ocr_par' dir='ltr' id='par_1_1' title="bbox 427 486 1379 572">
     <span class='ocr_line' id='line_1_1' title="bbox 427 486 1379 572; baseline -0.005 -13"><span class='ocrx_word' id='word_1_1' title='bbox 427 492 492 559; x_wconf 81' lang='lat'>708</span> <span class='ocrx_word' id='word_1_2' title='bbox 716 504 1090 556; x_wconf 77' lang='lat' dir='ltr'>n1sr0nmuovnnnn.</span> <span class='ocrx_word' id='word_1_3' title='bbox 1249 486 1337 572; x_wconf 83' lang='lat' dir='ltr'>[mn.</span> <span class='ocrx_word' id='word_1_4' title='bbox 1354 503 1379 554; x_wconf 83' lang='lat'>1.</span> 
     </span>
    </p>
   </div>
   <div class='ocr_carea' id='block_1_2' title="bbox 348 663 1390 1942">
    <p class='ocr_par' dir='ltr' id='par_1_2' title="bbox 348 663 1390 1942">
     <span class='ocr_line' id='line_1_2' title="bbox 427 663 1378 751; baseline -0.004 -20"><span class='ocrx_word' id='word_1_5' title='bbox 427 668 662 751; x_wconf 86' lang='lat' dir='ltr'>possessiones</span> <span class='ocrx_word' id='word_1_6' title='bbox 684 667 720 731; x_wconf 90' lang='lat' dir='ltr'>et</span> <span class='ocrx_word' id='word_1_7' title='bbox 742 668 896 742; x_wconf 86' lang='lat' dir='ltr'>tenuras,</span> <span class='ocrx_word' id='word_1_8' title='bbox 912 682 1000 748; x_wconf 88' lang='lat' dir='ltr'>quas</span> <span class='ocrx_word' id='word_1_9' title='bbox 1021 664 1077 727; x_wconf 89' lang='lat' dir='ltr'>die</span> <span class='ocrx_word' id='word_1_10' title='bbox 1097 663 1160 728; x_wconf 89' lang='lat' dir='ltr'>illa</span> <span class='ocrx_word' id='word_1_11' title='bbox 1182 664 1378 728; x_wconf 86' lang='lat' dir='ltr'>habuerunt</span> 
     </span>
     <span class='ocr_line' id='line_1_3' title="bbox 427 764 1377 850; baseline -0.006 -19"><span class='ocrx_word' id='word_1_12' title='bbox 427 786 497 850; x_wconf 91' lang='lat' dir='ltr'>qua</span> <span class='ocrx_word' id='word_1_13' title='bbox 511 766 708 831; x_wconf 90' lang='lat' dir='ltr'>Willelmus</span> <span class='ocrx_word' id='word_1_14' title='bbox 725 786 789 829; x_wconf 86' lang='lat' dir='ltr'>rex</span> <span class='ocrx_word' id='word_1_15' title='bbox 803 770 891 829; x_wconf 82' lang='lat' dir='ltr'>avus</span> <span class='ocrx_word' id='word_1_16' title='bbox 915 777 1013 828; x_wconf 87' lang='lat' dir='ltr'>meus</span> <span class='ocrx_word' id='word_1_17' title='bbox 1033 764 1100 828; x_wconf 88' lang='lat' dir='ltr'>fuit</span> <span class='ocrx_word' id='word_1_18' title='bbox 1116 764 1217 829; x_wconf 84' lang='lat' dir='ltr'>vivus</span> <span class='ocrx_word' id='word_1_19' title='bbox 1232 772 1269 828; x_wconf 88' lang='lat' dir='ltr'>et</span> <span class='ocrx_word' id='word_1_20' title='bbox 1284 784 1377 827; x_wconf 89' lang='lat' dir='ltr'>mor-</span> 
     </span>
     <span class='ocr_line' id='line_1_4' title="bbox 426 863 1377 944; baseline -0.002 -15"><span class='ocrx_word' id='word_1_21' title='bbox 426 872 521 944; x_wconf 91' lang='lat' dir='ltr'>tuus,</span> <span class='ocrx_word' id='word_1_22' title='bbox 542 866 617 929; x_wconf 85' lang='lat' dir='ltr'>sine</span> <span class='ocrx_word' id='word_1_23' title='bbox 642 865 794 930; x_wconf 91' lang='lat' dir='ltr'>omnium</span> <span class='ocrx_word' id='word_1_24' title='bbox 813 863 1098 928; x_wconf 87' lang='lat' dir='ltr'>calumniantium</span> <span class='ocrx_word' id='word_1_25' title='bbox 1121 864 1377 941; x_wconf 83' lang='lat' dir='ltr'><strong>reclamatione,</strong></span> 
     </span>
     <span class='ocr_line' id='line_1_5' title="bbox 348 963 1377 1045; baseline -0.002 -18"><span class='ocrx_word' id='word_1_26' title='bbox 348 1039 350 1043; x_wconf 23' lang='lat'>¹</span> <span class='ocrx_word' id='word_1_27' title='bbox 426 965 477 1028; x_wconf 89' lang='lat' dir='ltr'>eis</span> <span class='ocrx_word' id='word_1_28' title='bbox 502 965 629 1029; x_wconf 89' lang='lat' dir='ltr'>liberas</span> <span class='ocrx_word' id='word_1_29' title='bbox 657 971 693 1029; x_wconf 91' lang='lat' dir='ltr'>et</span> <span class='ocrx_word' id='word_1_30' title='bbox 716 964 896 1028; x_wconf 85' lang='lat' dir='ltr'>absolutas</span> <span class='ocrx_word' id='word_1_31' title='bbox 922 981 999 1027; x_wconf 82' lang='lat' dir='ltr'>esse</span> <span class='ocrx_word' id='word_1_32' title='bbox 1024 964 1187 1027; x_wconf 86' lang='lat' dir='ltr'>concedo.</span> <span class='ocrx_word' id='word_1_33' title='bbox 1238 963 1276 1027; x_wconf 90' lang='lat' dir='ltr'>Si</span> <span class='ocrx_word' id='word_1_34' title='bbox 1293 964 1377 1045; x_wconf 94' lang='lat' dir='ltr'>quid</span> 
     </span>
     <span class='ocr_line' id='line_1_6' title="bbox 426 1063 1377 1146; baseline -0.004 -18"><span class='ocrx_word' id='word_1_35' title='bbox 426 1083 509 1128; x_wconf 84' lang='lat' dir='ltr'>vero</span> <span class='ocrx_word' id='word_1_36' title='bbox 525 1064 568 1129; x_wconf 89' lang='lat' dir='ltr'>de</span> <span class='ocrx_word' id='word_1_37' title='bbox 583 1064 709 1129; x_wconf 89' lang='lat' dir='ltr'>habitis</span> <span class='ocrx_word' id='word_1_38' title='bbox 732 1071 794 1128; x_wconf 90' lang='lat' dir='ltr'>aut</span> <span class='ocrx_word' id='word_1_39' title='bbox 809 1063 979 1146; x_wconf 79' lang='lat' dir='ltr'>possessis</span> <span class='ocrx_word' id='word_1_40' title='bbox 1000 1069 1082 1126; x_wconf 85' lang='lat' dir='ltr'>ante</span> <span class='ocrx_word' id='word_1_41' title='bbox 1105 1070 1250 1127; x_wconf 84' lang='lat' dir='ltr'>mortem</span> <span class='ocrx_word' id='word_1_42' title='bbox 1271 1063 1377 1143; x_wconf 81' lang='lat' dir='ltr'>regis,</span> 
     </span>
     <span class='ocr_line' id='line_1_7' title="bbox 427 1162 1377 1245; baseline -0.002 -18"><span class='ocrx_word' id='word_1_43' title='bbox 427 1164 552 1245; x_wconf 90' lang='lat' dir='ltr'>quibus</span> <span class='ocrx_word' id='word_1_44' title='bbox 565 1164 667 1229; x_wconf 91' lang='lat' dir='ltr'>modo</span> <span class='ocrx_word' id='word_1_45' title='bbox 689 1169 819 1239; x_wconf 85' lang='lat' dir='ltr'>careat,</span> <span class='ocrx_word' id='word_1_46' title='bbox 833 1162 980 1227; x_wconf 83' lang='lat' dir='ltr'>ecelesia</span> <span class='ocrx_word' id='word_1_47' title='bbox 1002 1162 1164 1245; x_wconf 80' lang='lat' dir='ltr'>deinceps</span> <span class='ocrx_word' id='word_1_48' title='bbox 1186 1162 1377 1244; x_wconf 87' lang='lat' dir='ltr'>repetierit,</span> 
     </span>
     <span class='ocr_line' id='line_1_8' title="bbox 426 1260 1375 1346; baseline -0.001 -21"><span class='ocrx_word' id='word_1_49' title='bbox 426 1262 651 1346; x_wconf 69' lang='lat' dir='ltr'>indulgentiae</span> <span class='ocrx_word' id='word_1_50' title='bbox 685 1269 721 1329; x_wconf 85' lang='lat' dir='ltr'>et</span> <span class='ocrx_word' id='word_1_51' title='bbox 751 1260 1001 1345; x_wconf 80' lang='lat' dir='ltr'>dispensationi</span> <span class='ocrx_word' id='word_1_52' title='bbox 1028 1272 1127 1326; x_wconf 80' lang='lat' dir='ltr'>meae&#39;</span> <span class='ocrx_word' id='word_1_53' title='bbox 1141 1262 1198 1328; x_wconf 78' lang='lat' dir='ltr'>vel</span> <span class='ocrx_word' id='word_1_54' title='bbox 1229 1261 1375 1325; x_wconf 66' lang='lat' dir='ltr'>discuti⁴</span> 
     </span>
     <span class='ocr_line' id='line_1_9' title="bbox 425 1359 1390 1443; baseline -0.002 -18"><span class='ocrx_word' id='word_1_55' title='bbox 425 1362 552 1427; x_wconf 85' lang='lat' dir='ltr'>endum</span> <span class='ocrx_word' id='word_1_56' title='bbox 577 1363 634 1428; x_wconf 81' lang='lat' dir='ltr'>vel</span> <span class='ocrx_word' id='word_1_57' title='bbox 659 1361 910 1427; x_wconf 85' lang='lat' dir='ltr'>restituendum</span> <span class='ocrx_word' id='word_1_58' title='bbox 936 1380 1088 1440; x_wconf 63' lang='lat' dir='ltr'>reservo.</span> <span class='ocrx_word' id='word_1_59' title='bbox 1148 1359 1390 1443; x_wconf 74' lang='lat' dir='ltr'>Quaecunque.</span> 
     </span>
     <span class='ocr_line' id='line_1_10' title="bbox 426 1460 1374 1544; baseline -0.002 -19"><span class='ocrx_word' id='word_1_60' title='bbox 426 1480 509 1526; x_wconf 87' lang='lat' dir='ltr'>vero</span> <span class='ocrx_word' id='word_1_61' title='bbox 525 1469 759 1544; x_wconf 88' lang='lat' dir='ltr'>postmortem</span> <span class='ocrx_word' id='word_1_62' title='bbox 772 1462 877 1542; x_wconf 82' lang='lat' dir='ltr'>regis,</span> <span class='ocrx_word' id='word_1_63' title='bbox 893 1460 1102 1525; x_wconf 86' lang='lat' dir='ltr'>liberalitate</span> <span class='ocrx_word' id='word_1_64' title='bbox 1120 1477 1253 1543; x_wconf 76' lang='lat' dir='ltr'>regum,</span> <span class='ocrx_word' id='word_1_65' title='bbox 1268 1460 1374 1541; x_wconf 77' lang='lat' dir='ltr'>largi-</span> 
     </span>
     <span class='ocr_line' id='line_1_11' title="bbox 427 1558 1374 1643; baseline 0 -19"><span class='ocrx_word' id='word_1_66' title='bbox 427 1561 521 1625; x_wconf 85' lang='lat' dir='ltr'>tione</span> <span class='ocrx_word' id='word_1_67' title='bbox 545 1561 751 1643; x_wconf 87' lang='lat' dir='ltr'>principum,</span> <span class='ocrx_word' id='word_1_68' title='bbox 771 1558 946 1625; x_wconf 90' lang='lat' dir='ltr'>oblatione</span> <span class='ocrx_word' id='word_1_69' title='bbox 968 1560 1026 1623; x_wconf 86' lang='lat' dir='ltr'>vel</span> <span class='ocrx_word' id='word_1_70' title='bbox 1047 1561 1303 1642; x_wconf 87' lang='lat' dir='ltr'>eomparatione</span> <span class='ocrx_word' id='word_1_71' title='bbox 1317 1561 1374 1624; x_wconf 88' lang='lat' dir='ltr'>vei</span> 
     </span>
     <span class='ocr_line' id='line_1_12' title="bbox 426 1658 1372 1743; baseline 0.001 -20"><span class='ocrx_word' id='word_1_72' title='bbox 426 1660 582 1743; x_wconf 87' lang='lat' dir='ltr'>qualibet</span> <span class='ocrx_word' id='word_1_73' title='bbox 601 1660 890 1725; x_wconf 76' lang='lat' dir='ltr'>transmutatione</span> <span class='ocrx_word' id='word_1_74' title='bbox 921 1658 1086 1736; x_wconf 90' lang='lat' dir='ltr'>fidelium,</span> <span class='ocrx_word' id='word_1_75' title='bbox 1118 1658 1248 1723; x_wconf 88' lang='lat' dir='ltr'>collata</span> <span class='ocrx_word' id='word_1_76' title='bbox 1278 1667 1372 1739; x_wconf 88' lang='lat' dir='ltr'>sunt,</span> 
     </span>
     <span class='ocr_line' id='line_1_13' title="bbox 427 1752 1373 1844; baseline 0.001 -22"><span class='ocrx_word' id='word_1_77' title='bbox 427 1752 591 1824; x_wconf 86' lang='lat' dir='ltr'>confirmo</span> <span class='ocrx_word' id='word_1_78' title='bbox 615 1778 735 1844; x_wconf 84' lang='lat' dir='ltr'>pacem</span> <span class='ocrx_word' id='word_1_79' title='bbox 751 1779 806 1824; x_wconf 88' lang='lat' dir='ltr'>me</span> <span class='ocrx_word' id='word_1_80' title='bbox 831 1765 867 1823; x_wconf 92' lang='lat' dir='ltr'>et</span> <span class='ocrx_word' id='word_1_81' title='bbox 879 1757 1053 1842; x_wconf 89' lang='lat' dir='ltr'>justitiam</span> <span class='ocrx_word' id='word_1_82' title='bbox 1068 1759 1105 1822; x_wconf 93' lang='lat' dir='ltr'>in</span> <span class='ocrx_word' id='word_1_83' title='bbox 1122 1760 1280 1823; x_wconf 91' lang='lat' dir='ltr'>omnibus</span> <span class='ocrx_word' id='word_1_84' title='bbox 1300 1759 1373 1823; x_wconf 88' lang='lat' dir='ltr'>fac-</span> 
     </span>
     <span class='ocr_line' id='line_1_14' title="bbox 427 1865 1372 1942; baseline 0.001 -20"><span class='ocrx_word' id='word_1_85' title='bbox 427 1865 555 1936; x_wconf 86' lang='lat' dir='ltr'>turum,</span> <span class='ocrx_word' id='word_1_86' title='bbox 585 1866 620 1923; x_wconf 93' lang='lat' dir='ltr'>et</span> <span class='ocrx_word' id='word_1_87' title='bbox 650 1877 713 1942; x_wconf 89' lang='lat' dir='ltr'>pro</span> <span class='ocrx_word' id='word_1_88' title='bbox 742 1878 844 1941; x_wconf 90' lang='lat' dir='ltr'>posse</span> <span class='ocrx_word' id='word_1_89' title='bbox 873 1878 950 1926; x_wconf 89' lang='lat' dir='ltr'>meo</span> <span class='ocrx_word' id='word_1_90' title='bbox 973 1865 1270 1935; x_wconf 87' lang='lat' dir='ltr'>conservaturum,</span> <span class='ocrx_word' id='word_1_91' title='bbox 1292 1879 1372 1942; x_wconf 94' lang='lat' dir='ltr'>pro-</span> 
     </span>
    </p>
   </div>
   <div class='ocr_carea' id='block_1_3' title="bbox 325 1956 1373 2042">
    <p class='ocr_par' dir='ltr' id='par_1_3' title="bbox 325 1956 1373 2042">
     <span class='ocr_line' id='line_1_15' title="bbox 325 1956 1373 2042; baseline 0.003 -22"><span class='ocrx_word' id='word_1_92' title='bbox 325 2010 328 2013; x_wconf 96' lang='lat'>.</span> <span class='ocrx_word' id='word_1_93' title='bbox 425 1958 537 2023; x_wconf 87' lang='lat' dir='ltr'>mitto.</span> <span class='ocrx_word' id='word_1_94' title='bbox 571 1958 573 1963; x_wconf 83' lang='lat'>&#39;</span> <span class='ocrx_word' id='word_1_95' title='bbox 590 1958 755 2023; x_wconf 86' lang='lat' dir='ltr'>Forestas</span> <span class='ocrx_word' id='word_1_96' title='bbox 770 1975 858 2042; x_wconf 89' lang='lat' dir='ltr'>quas</span> <span class='ocrx_word' id='word_1_97' title='bbox 872 1956 1070 2022; x_wconf 89' lang='lat' dir='ltr'>Willelmus</span> <span class='ocrx_word' id='word_1_98' title='bbox 1086 1964 1150 2023; x_wconf 75' lang='lat' dir='ltr'>rex</span> <span class='ocrx_word' id='word_1_99' title='bbox 1161 1964 1249 2023; x_wconf 82' lang='lat' dir='ltr'>avus</span> <span class='ocrx_word' id='word_1_100' title='bbox 1264 1975 1373 2036; x_wconf 89' lang='lat' dir='ltr'>meus,</span> 
     </span>
    </p>
   </div>
   <div class='ocr_carea' id='block_1_4' title="bbox 421 2056 1375 3141">
    <p class='ocr_par' dir='ltr' id='par_1_4' title="bbox 421 2056 1375 3141">
     <span class='ocr_line' id='line_1_16' title="bbox 425 2056 1373 2136; baseline 0 -15"><span class='ocrx_word' id='word_1_101' title='bbox 425 2063 462 2121; x_wconf 90' lang='lat' dir='ltr'>et</span> <span class='ocrx_word' id='word_1_102' title='bbox 487 2056 685 2122; x_wconf 88' lang='lat' dir='ltr'>Willelmus</span> <span class='ocrx_word' id='word_1_103' title='bbox 709 2056 881 2122; x_wconf 88' lang='lat' dir='ltr'>secundus</span> <span class='ocrx_word' id='word_1_104' title='bbox 909 2057 1101 2121; x_wconf 88' lang='lat' dir='ltr'>avunculus</span> <span class='ocrx_word' id='word_1_105' title='bbox 1129 2064 1244 2136; x_wconf 90' lang='lat' dir='ltr'>meus,</span> <span class='ocrx_word' id='word_1_106' title='bbox 1273 2058 1373 2122; x_wconf 80' lang='lat' dir='ltr'>insti·</span> 
     </span>
     <span class='ocr_line' id='line_1_17' title="bbox 425 2155 1375 2233; baseline 0.001 -13"><span class='ocrx_word' id='word_1_107' title='bbox 425 2162 567 2221; x_wconf 87' lang='lat' dir='ltr'>tuerunt</span> <span class='ocrx_word' id='word_1_108' title='bbox 582 2164 618 2222; x_wconf 90' lang='lat' dir='ltr'>et</span> <span class='ocrx_word' id='word_1_109' title='bbox 631 2163 830 2233; x_wconf 90' lang='lat' dir='ltr'>tenuerunt,</span> <span class='ocrx_word' id='word_1_110' title='bbox 849 2155 934 2221; x_wconf 92' lang='lat' dir='ltr'>mihi</span> <span class='ocrx_word' id='word_1_111' title='bbox 948 2175 1106 2221; x_wconf 85' lang='lat' dir='ltr'>reservo:</span> <span class='ocrx_word' id='word_1_112' title='bbox 1130 2163 1276 2221; x_wconf 88' lang='lat' dir='ltr'>caeteras</span> <span class='ocrx_word' id='word_1_113' title='bbox 1300 2177 1375 2221; x_wconf 87' lang='lat' dir='ltr'>om-</span> 
     </span>
     <span class='ocr_line' id='line_1_18' title="bbox 422 2255 1375 2339; baseline 0.003 -20"><span class='ocrx_word' id='word_1_114' title='bbox 422 2274 499 2333; x_wconf 90' lang='lat' dir='ltr'>nes,</span> <span class='ocrx_word' id='word_1_115' title='bbox 515 2276 603 2339; x_wconf 88' lang='lat' dir='ltr'>quas</span> <span class='ocrx_word' id='word_1_116' title='bbox 621 2255 798 2335; x_wconf 89' lang='lat' dir='ltr'>Henricus</span> <span class='ocrx_word' id='word_1_117' title='bbox 819 2274 884 2319; x_wconf 83' lang='lat' dir='ltr'>rex</span> <span class='ocrx_word' id='word_1_118' title='bbox 897 2255 1147 2337; x_wconf 84' lang='lat' dir='ltr'>superaddidit,</span> <span class='ocrx_word' id='word_1_119' title='bbox 1163 2256 1318 2322; x_wconf 86' lang='lat' dir='ltr'>ecclesiis</span> <span class='ocrx_word' id='word_1_120' title='bbox 1337 2265 1375 2322; x_wconf 91' lang='lat' dir='ltr'>et</span> 
     </span>
     <span class='ocr_line' id='line_1_19' title="bbox 424 2355 1374 2438; baseline 0.003 -21"><span class='ocrx_word' id='word_1_121' title='bbox 424 2376 533 2438; x_wconf 86' lang='lat' dir='ltr'>reguo</span> <span class='ocrx_word' id='word_1_122' title='bbox 551 2355 687 2438; x_wconf 86' lang='lat' dir='ltr'>quietas</span> <span class='ocrx_word' id='word_1_123' title='bbox 710 2355 816 2419; x_wconf 90' lang='lat' dir='ltr'>reddo</span> <span class='ocrx_word' id='word_1_124' title='bbox 833 2362 869 2419; x_wconf 89' lang='lat' dir='ltr'>et</span> <span class='ocrx_word' id='word_1_125' title='bbox 885 2355 1047 2420; x_wconf 75' lang='lat' dir='ltr'>conredo.</span> <span class='ocrx_word' id='word_1_126' title='bbox 1097 2355 1137 2419; x_wconf 90' lang='lat' dir='ltr'>Si</span> <span class='ocrx_word' id='word_1_127' title='bbox 1157 2355 1235 2437; x_wconf 89' lang='lat' dir='ltr'>quis</span> <span class='ocrx_word' id='word_1_128' title='bbox 1258 2363 1374 2420; x_wconf 89' lang='lat' dir='ltr'>autem</span> 
     </span>
     <span class='ocr_line' id='line_1_20' title="bbox 425 2446 1373 2538; baseline 0.002 -20"><span class='ocrx_word' id='word_1_129' title='bbox 425 2456 608 2538; x_wconf 83' lang='lat' dir='ltr'>episeopus</span> <span class='ocrx_word' id='word_1_130' title='bbox 640 2455 696 2521; x_wconf 85' lang='lat' dir='ltr'>vei</span> <span class='ocrx_word' id='word_1_131' title='bbox 726 2456 847 2531; x_wconf 87' lang='lat' dir='ltr'>abbas,</span> <span class='ocrx_word' id='word_1_132' title='bbox 874 2454 930 2520; x_wconf 87' lang='lat' dir='ltr'>vel</span> <span class='ocrx_word' id='word_1_133' title='bbox 961 2446 1067 2519; x_wconf 88' lang='lat' dir='ltr'>¹alius</span> <span class='ocrx_word' id='word_1_134' title='bbox 1104 2454 1373 2534; x_wconf 84' lang='lat' dir='ltr'>ecclesiasticus,</span> 
     </span>
     <span class='ocr_line' id='line_1_21' title="bbox 424 2549 1373 2634; baseline 0 -15"><span class='ocrx_word' id='word_1_135' title='bbox 424 2549 524 2620; x_wconf 85' lang='lat' dir='ltr'>²ante</span> <span class='ocrx_word' id='word_1_136' title='bbox 537 2562 681 2620; x_wconf 86' lang='lat' dir='ltr'>mortem</span> <span class='ocrx_word' id='word_1_137' title='bbox 698 2572 796 2619; x_wconf 91' lang='lat' dir='ltr'>suam</span> <span class='ocrx_word' id='word_1_138' title='bbox 811 2554 1063 2619; x_wconf 79' lang='lat' dir='ltr'>rationabiliter</span> <span class='ocrx_word' id='word_1_139' title='bbox 1073 2572 1137 2618; x_wconf 90' lang='lat' dir='ltr'>sua</span> <span class='ocrx_word' id='word_1_140' title='bbox 1148 2555 1373 2634; x_wconf 87' lang='lat' dir='ltr'>distribuerit,</span> 
     </span>
     <span class='ocr_line' id='line_1_22' title="bbox 424 2653 1372 2731; baseline -0.001 -12"><span class='ocrx_word' id='word_1_141' title='bbox 424 2655 479 2719; x_wconf 88' lang='lat' dir='ltr'>vel</span> <span class='ocrx_word' id='word_1_142' title='bbox 502 2654 739 2719; x_wconf 83' lang='lat' dir='ltr'>distribuenda</span> <span class='ocrx_word' id='word_1_143' title='bbox 762 2655 937 2731; x_wconf 86' lang='lat' dir='ltr'>statuerit,</span> <span class='ocrx_word' id='word_1_144' title='bbox 962 2653 1099 2718; x_wconf 90' lang='lat' dir='ltr'>firmum</span> <span class='ocrx_word' id='word_1_145' title='bbox 1129 2673 1267 2718; x_wconf 89' lang='lat' dir='ltr'>manere</span> <span class='ocrx_word' id='word_1_146' title='bbox 1289 2670 1372 2718; x_wconf 78' lang='lat' dir='ltr'>con·-</span> 
     </span>
     <span class='ocr_line' id='line_1_23' title="bbox 422 2752 1371 2836; baseline 0 -19"><span class='ocrx_word' id='word_1_147' title='bbox 422 2754 528 2819; x_wconf 85' lang='lat' dir='ltr'>oedo:</span> <span class='ocrx_word' id='word_1_148' title='bbox 552 2755 583 2819; x_wconf 88' lang='lat' dir='ltr'>si</span> <span class='ocrx_word' id='word_1_149' title='bbox 597 2773 679 2819; x_wconf 85' lang='lat' dir='ltr'>vero</span> <span class='ocrx_word' id='word_1_150' title='bbox 695 2760 808 2821; x_wconf 89' lang='lat' dir='ltr'>morte</span> <span class='ocrx_word' id='word_1_151' title='bbox 822 2760 1086 2836; x_wconf 83' lang='lat' dir='ltr'>praeoccupatus</span> <span class='ocrx_word' id='word_1_152' title='bbox 1100 2752 1217 2833; x_wconf 88' lang='lat' dir='ltr'>fuerit,</span> <span class='ocrx_word' id='word_1_153' title='bbox 1231 2773 1294 2836; x_wconf 89' lang='lat' dir='ltr'>pro</span> <span class='ocrx_word' id='word_1_154' title='bbox 1313 2773 1371 2818; x_wconf 86' lang='lat' dir='ltr'>sa-</span> 
     </span>
     <span class='ocr_line' id='line_1_24' title="bbox 423 2852 1371 2936; baseline 0 -20"><span class='ocrx_word' id='word_1_155' title='bbox 423 2853 494 2918; x_wconf 83' lang='lat' dir='ltr'>lute</span> <span class='ocrx_word' id='word_1_156' title='bbox 511 2855 635 2917; x_wconf 87' lang='lat' dir='ltr'>animae</span> <span class='ocrx_word' id='word_1_157' title='bbox 654 2853 729 2936; x_wconf 88' lang='lat' dir='ltr'>ejus</span> <span class='ocrx_word' id='word_1_158' title='bbox 751 2852 907 2917; x_wconf 85' lang='lat' dir='ltr'>ecclesiae</span> <span class='ocrx_word' id='word_1_159' title='bbox 921 2852 1067 2916; x_wconf 89' lang='lat' dir='ltr'>consilio</span> <span class='ocrx_word' id='word_1_160' title='bbox 1080 2853 1200 2916; x_wconf 87' lang='lat' dir='ltr'>eadem</span> <span class='ocrx_word' id='word_1_161' title='bbox 1222 2853 1284 2917; x_wconf 87' lang='lat' dir='ltr'>fiat</span> <span class='ocrx_word' id='word_1_162' title='bbox 1299 2853 1371 2916; x_wconf 82' lang='lat' dir='ltr'>dis-</span> 
     </span>
     <span class='ocr_line' id='line_1_25' title="bbox 423 2951 1372 3035; baseline -0.002 -17"><span class='ocrx_word' id='word_1_163' title='bbox 423 2951 578 3018; x_wconf 77' lang='lat' dir='ltr'>tributio</span> <span class='ocrx_word' id='word_1_164' title='bbox 630 2952 724 3016; x_wconf 90' lang='lat' dir='ltr'>Dum</span> <span class='ocrx_word' id='word_1_165' title='bbox 736 2971 820 3017; x_wconf 80' lang='lat' dir='ltr'>vero</span> <span class='ocrx_word' id='word_1_166' title='bbox 835 2952 935 3016; x_wconf 86' lang='lat' dir='ltr'>sedes</span> <span class='ocrx_word' id='word_1_167' title='bbox 948 2951 1097 3035; x_wconf 83' lang='lat' dir='ltr'>propriis</span> <span class='ocrx_word' id='word_1_168' title='bbox 1109 2951 1239 3016; x_wconf 87' lang='lat' dir='ltr'>fuerint</span> <span class='ocrx_word' id='word_1_169' title='bbox 1253 2960 1372 3034; x_wconf 88' lang='lat' dir='ltr'>pasto·</span> 
     </span>
     <span class='ocr_line' id='line_1_26' title="bbox 421 3051 1371 3141; baseline 0.002 -28"><span class='ocrx_word' id='word_1_170' title='bbox 421 3051 517 3114; x_wconf 88' lang='lat' dir='ltr'>ribus</span> <span class='ocrx_word' id='word_1_171' title='bbox 534 3068 668 3129; x_wconf 80' lang='lat' dir='ltr'>vacuae,</span> <span class='ocrx_word' id='word_1_172' title='bbox 688 3057 723 3115; x_wconf 87' lang='lat' dir='ltr'>et</span> <span class='ocrx_word' id='word_1_173' title='bbox 745 3051 832 3134; x_wconf 86' lang='lat' dir='ltr'>ipsae</span> <span class='ocrx_word' id='word_1_174' title='bbox 859 3057 895 3115; x_wconf 88' lang='lat' dir='ltr'>et</span> <span class='ocrx_word' id='word_1_175' title='bbox 917 3069 1037 3115; x_wconf 89' lang='lat' dir='ltr'>omnes</span> <span class='ocrx_word' id='word_1_176' title='bbox 1058 3070 1182 3115; x_wconf 83' lang='lat' dir='ltr'>aarum</span> <span class='ocrx_word' id='word_1_177' title='bbox 1202 3053 1371 3141; x_wconf 86' lang='lat' dir='ltr'>possessi·</span> 
     </span>
    </p>
   </div>
   <div class='ocr_carea' id='block_1_5' title="bbox 415 3369 1371 4343">
    <p class='ocr_par' dir='ltr' id='par_1_5' title="bbox 416 3369 1371 3634">
     <span class='ocr_line' id='line_1_27' title="bbox 457 3369 1371 3442; baseline 0.004 -20"><span class='ocrx_word' id='word_1_178' title='bbox 457 3370 550 3424; x_wconf 80' lang='lat' dir='ltr'>¹Aiius</span> <span class='ocrx_word' id='word_1_179' title='bbox 560 3369 758 3442; x_wconf 71' lang='lat' dir='ltr'>ecclesiastieae]</span> <span class='ocrx_word' id='word_1_180' title='bbox 772 3375 821 3434; x_wconf 70' lang='lat'>13.;</span> <span class='ocrx_word' id='word_1_181' title='bbox 832 3374 885 3422; x_wconf 87' lang='lat' dir='ltr'>alia</span> <span class='ocrx_word' id='word_1_182' title='bbox 909 3373 961 3421; x_wconf 87' lang='lat' dir='ltr'>and</span> <span class='ocrx_word' id='word_1_183' title='bbox 971 3373 1058 3436; x_wconf 74' lang='lat' dir='ltr'>silvan,</span> <span class='ocrx_word' id='word_1_184' title='bbox 1068 3388 1136 3423; x_wconf 85' lang='lat' dir='ltr'>were</span> <span class='ocrx_word' id='word_1_185' title='bbox 1153 3376 1280 3436; x_wconf 73' lang='lat' dir='ltr'>&#39;eonveyed</span> <span class='ocrx_word' id='word_1_186' title='bbox 1290 3380 1319 3424; x_wconf 52' lang='lat' dir='ltr'>to*</span> <span class='ocrx_word' id='word_1_187' title='bbox 1327 3376 1371 3426; x_wconf 86' lang='lat' dir='ltr'>the</span> 
     </span>
     <span class='ocr_line' id='line_1_28' title="bbox 419 3443 1371 3510; baseline 0.004 -19"><span class='ocrx_word' id='word_1_188' title='bbox 419 3444 593 3496; x_wconf 79' lang='lat' dir='ltr'>ecclesiastiea</span> <span class='ocrx_word' id='word_1_189' title='bbox 613 3459 730 3508; x_wconf 82' lang='lat' dir='ltr'>persona,</span> <span class='ocrx_word' id='word_1_190' title='bbox 752 3445 782 3494; x_wconf 83' lang='lat' dir='ltr'>S.</span> <span class='ocrx_word' id='word_1_191' title='bbox 800 3444 830 3494; x_wconf 84' lang='lat' dir='ltr'>C.</span> <span class='ocrx_word' id='word_1_192' title='bbox 849 3443 884 3495; x_wconf 83' lang='lat' dir='ltr'>D.</span> <span class='ocrx_word' id='word_1_193' title='bbox 908 3443 1060 3504; x_wconf 87' lang='lat' dir='ltr'>exchequer.</span> <span class='ocrx_word' id='word_1_194' title='bbox 1076 3443 1371 3510; x_wconf 59' lang='lat' dir='ltr'>Anguesmanoas.</span> 
     </span>
     <span class='ocr_line' id='line_1_29' title="bbox 420 3513 1371 3580; baseline 0.002 -18"><span class='ocrx_word' id='word_1_195' title='bbox 420 3513 474 3566; x_wconf 78' lang='lat' dir='ltr'>Lu.</span> <span class='ocrx_word' id='word_1_196' title='bbox 889 3514 1056 3580; x_wconf 20' lang='lat' dir='ltr'>‘Sometimes</span> <span class='ocrx_word' id='word_1_197' title='bbox 1073 3527 1137 3563; x_wconf 84' lang='lat' dir='ltr'>even</span> <span class='ocrx_word' id='word_1_198' title='bbox 1153 3513 1224 3561; x_wconf 91' lang='lat' dir='ltr'>what</span> <span class='ocrx_word' id='word_1_199' title='bbox 1239 3515 1289 3562; x_wconf 88' lang='lat' dir='ltr'>had</span> <span class='ocrx_word' id='word_1_200' title='bbox 1307 3516 1371 3564; x_wconf 87' lang='lat' dir='ltr'>been</span> 
     </span>
     <span class='ocr_line' id='line_1_30' title="bbox 416 3581 1371 3634; baseline 0.005 -6"><span class='ocrx_word' id='word_1_201' title='bbox 416 3588 420 3595; x_wconf 88' lang='lat'><em>&#39;</em></span> <span class='ocrx_word' id='word_1_202' title='bbox 908 3581 1060 3631; x_wconf 85' lang='lat' dir='ltr'>distributed</span> <span class='ocrx_word' id='word_1_203' title='bbox 1077 3598 1109 3630; x_wconf 94' lang='lat' dir='ltr'>on</span> <span class='ocrx_word' id='word_1_204' title='bbox 1128 3596 1145 3630; x_wconf 86' lang='lat' dir='ltr'>a</span> <span class='ocrx_word' id='word_1_205' title='bbox 1161 3583 1299 3632; x_wconf 83' lang='lat' dir='ltr'>death-bed</span> <span class='ocrx_word' id='word_1_206' title='bbox 1315 3600 1371 3634; x_wconf 82' lang='lat' dir='ltr'>was</span> 
     </span>
    </p>

    <p class='ocr_par' dir='ltr' id='par_1_6' title="bbox 415 3647 1371 4343">
     <span class='ocr_line' id='line_1_31' title="bbox 454 3647 1369 3714; baseline 0.004 -14"><span class='ocrx_word' id='word_1_207' title='bbox 454 3647 542 3700; x_wconf 62' lang='lat' dir='ltr'>unte</span> <span class='ocrx_word' id='word_1_208' title='bbox 552 3651 673 3714; x_wconf 74' lang='lat' dir='ltr'>mortua]</span> <span class='ocrx_word' id='word_1_209' title='bbox 688 3651 732 3699; x_wconf 75' lang='lat' dir='ltr'>‘It</span> <span class='ocrx_word' id='word_1_210' title='bbox 749 3650 801 3699; x_wconf 89' lang='lat' dir='ltr'>had</span> <span class='ocrx_word' id='word_1_211' title='bbox 819 3651 883 3700; x_wconf 89' lang='lat' dir='ltr'>been</span> <span class='ocrx_word' id='word_1_212' title='bbox 907 3651 1044 3700; x_wconf 83' lang='lat' dir='ltr'>reclaimed</span> <span class='ocrx_word' id='word_1_213' title='bbox 1061 3651 1101 3701; x_wconf 85' lang='lat' dir='ltr'>t‘or</span> <span class='ocrx_word' id='word_1_214' title='bbox 1110 3652 1153 3700; x_wconf 84' lang='lat' dir='ltr'>the</span> <span class='ocrx_word' id='word_1_215' title='bbox 1168 3651 1240 3714; x_wconf 84' lang='lat' dir='ltr'>king.</span> <span class='ocrx_word' id='word_1_216' title='bbox 1256 3653 1322 3701; x_wconf 88' lang='lat' dir='ltr'>Vide</span> <span class='ocrx_word' id='word_1_217' title='bbox 1333 3654 1369 3704; x_wconf 83' lang='lat' dir='ltr'>G.</span> 
     </span>
     <span class='ocr_line' id='line_1_32' title="bbox 419 3717 1370 3786; baseline 0.001 -17"><span class='ocrx_word' id='word_1_218' title='bbox 419 3720 462 3770; x_wconf 84' lang='lat' dir='ltr'>the</span> <span class='ocrx_word' id='word_1_219' title='bbox 473 3723 584 3782; x_wconf 83' lang='lat' dir='ltr'>practice</span> <span class='ocrx_word' id='word_1_220' title='bbox 596 3726 622 3770; x_wconf 93' lang='lat' dir='ltr'>to</span> <span class='ocrx_word' id='word_1_221' title='bbox 633 3722 700 3770; x_wconf 79' lang='lat' dir='ltr'>seiae</span> <span class='ocrx_word' id='word_1_222' title='bbox 711 3725 736 3770; x_wconf 90' lang='lat' dir='ltr'>to</span> <span class='ocrx_word' id='word_1_223' title='bbox 747 3720 790 3769; x_wconf 89' lang='lat' dir='ltr'>the</span> <span class='ocrx_word' id='word_1_224' title='bbox 798 3720 883 3782; x_wconf 80' lang='lat' dir='ltr'>king&#39;s</span> <span class='ocrx_word' id='word_1_225' title='bbox 908 3720 994 3770; x_wconf 88' lang='lat' dir='ltr'>Neub.</span> <span class='ocrx_word' id='word_1_226' title='bbox 1012 3734 1054 3770; x_wconf 90' lang='grc' dir='ltr'><strong>ιιι.</strong></span> <span class='ocrx_word' id='word_1_227' title='bbox 1072 3717 1107 3771; x_wconf 61' lang='grc' dir='ltr'>ὅ]</span> <span class='ocrx_word' id='word_1_228' title='bbox 1128 3720 1247 3786; x_wconf 82' lang='lat' dir='ltr'>(Sharpe‚</span> <span class='ocrx_word' id='word_1_229' title='bbox 1264 3720 1370 3785; x_wconf 80' lang='lat'><strong>563.)-</strong></span> 
     </span>
     <span class='ocr_line' id='line_1_33' title="bbox 418 3788 1371 3854; baseline 0.004 -16"><span class='ocrx_word' id='word_1_230' title='bbox 418 3804 466 3839; x_wconf 87' lang='lat' dir='ltr'>use</span> <span class='ocrx_word' id='word_1_231' title='bbox 488 3791 617 3840; x_wconf 84' lang='lat' dir='ltr'>whatever</span> <span class='ocrx_word' id='word_1_232' title='bbox 641 3794 760 3854; x_wconf 81' lang='lat' dir='ltr'>property</span> <span class='ocrx_word' id='word_1_233' title='bbox 778 3790 883 3840; x_wconf 84' lang='lat' dir='ltr'>ecclesi·-</span> <span class='ocrx_word' id='word_1_234' title='bbox 907 3788 969 3838; x_wconf 84' lang='lat' dir='ltr'>This</span> <span class='ocrx_word' id='word_1_235' title='bbox 979 3791 1091 3854; x_wconf 87' lang='lat' dir='ltr'>practice</span> <span class='ocrx_word' id='word_1_236' title='bbox 1101 3789 1131 3838; x_wconf 80' lang='lat' dir='ltr'>oi</span> <span class='ocrx_word' id='word_1_237' title='bbox 1144 3791 1241 3852; x_wconf 78' lang='lat' dir='ltr'>seizing</span> <span class='ocrx_word' id='word_1_238' title='bbox 1253 3791 1296 3839; x_wconf 84' lang='lat' dir='ltr'>the</span> <span class='ocrx_word' id='word_1_239' title='bbox 1312 3797 1371 3852; x_wconf 85' lang='lat' dir='ltr'>pro&#39;·</span> 
     </span>
     <span class='ocr_line' id='line_1_34' title="bbox 415 3859 1370 3920; baseline 0.002 -12"><span class='ocrx_word' id='word_1_240' title='bbox 415 3861 497 3908; x_wconf 84' lang='lat' dir='ltr'>asties</span> <span class='ocrx_word' id='word_1_241' title='bbox 513 3860 559 3908; x_wconf 82' lang='lat' dir='ltr'>left</span> <span class='ocrx_word' id='word_1_242' title='bbox 574 3859 668 3909; x_wconf 90' lang='lat' dir='ltr'>behind</span> <span class='ocrx_word' id='word_1_243' title='bbox 679 3859 756 3908; x_wconf 88' lang='lat' dir='ltr'>them.</span> <span class='ocrx_word' id='word_1_244' title='bbox 792 3859 883 3920; x_wconf 84' lang='lat' dir='ltr'>Henry</span> <span class='ocrx_word' id='word_1_245' title='bbox 906 3864 981 3920; x_wconf 85' lang='lat' dir='ltr'>perty</span> <span class='ocrx_word' id='word_1_246' title='bbox 1001 3859 1031 3908; x_wconf 83' lang='lat' dir='ltr'>oi</span> <span class='ocrx_word' id='word_1_247' title='bbox 1057 3860 1229 3910; x_wconf 77' lang='lat' dir='ltr'>ecclesiastiea</span> <span class='ocrx_word' id='word_1_248' title='bbox 1256 3865 1282 3909; x_wconf 90' lang='lat' dir='ltr'>at</span> <span class='ocrx_word' id='word_1_249' title='bbox 1303 3861 1370 3910; x_wconf 85' lang='lat' dir='ltr'>their</span> 
     </span>
     <span class='ocr_line' id='line_1_35' title="bbox 418 3926 1370 3991; baseline 0.003 -15"><span class='ocrx_word' id='word_1_250' title='bbox 418 3929 448 3976; x_wconf 83' lang='lat' dir='ltr'>oi</span> <span class='ocrx_word' id='word_1_251' title='bbox 467 3929 635 3991; x_wconf 80' lang='lat' dir='ltr'>Huntingdon</span> <span class='ocrx_word' id='word_1_252' title='bbox 656 3930 758 3988; x_wconf 87' lang='lat' dir='ltr'>relates,</span> <span class='ocrx_word' id='word_1_253' title='bbox 776 3929 832 3977; x_wconf 89' lang='lat' dir='ltr'>that</span> <span class='ocrx_word' id='word_1_254' title='bbox 850 3943 882 3976; x_wconf 90' lang='lat' dir='ltr'>on</span> <span class='ocrx_word' id='word_1_255' title='bbox 906 3926 983 3977; x_wconf 87' lang='lat' dir='ltr'>death</span> <span class='ocrx_word' id='word_1_256' title='bbox 993 3942 1075 3977; x_wconf 85' lang='lat' dir='ltr'>seems</span> <span class='ocrx_word' id='word_1_257' title='bbox 1082 3930 1370 3990; x_wconf 83' lang='lat' dir='ltr'>subsequentlytohave</span> 
     </span>
     <span class='ocr_line' id='line_1_36' title="bbox 418 3997 1369 4050; baseline 0.003 -4"><span class='ocrx_word' id='word_1_258' title='bbox 418 3998 461 4046; x_wconf 83' lang='lat' dir='ltr'>the</span> <span class='ocrx_word' id='word_1_259' title='bbox 483 3998 560 4050; x_wconf 89' lang='lat' dir='ltr'>death</span> <span class='ocrx_word' id='word_1_260' title='bbox 582 3997 611 4046; x_wconf 84' lang='lat' dir='ltr'>of</span> <span class='ocrx_word' id='word_1_261' title='bbox 630 3997 731 4048; x_wconf 85' lang='lat' dir='ltr'>Gilbert</span> <span class='ocrx_word' id='word_1_262' title='bbox 752 3997 796 4046; x_wconf 90' lang='lat' dir='ltr'>the</span> <span class='ocrx_word' id='word_1_263' title='bbox 818 3998 882 4046; x_wconf 91' lang='lat' dir='ltr'>Uni·</span> <span class='ocrx_word' id='word_1_264' title='bbox 906 3999 997 4046; x_wconf 85' lang='lat' dir='ltr'>settled</span> <span class='ocrx_word' id='word_1_265' title='bbox 1012 3997 1089 4047; x_wconf 86' lang='lat' dir='ltr'>down</span> <span class='ocrx_word' id='word_1_266' title='bbox 1105 3999 1158 4046; x_wconf 93' lang='lat' dir='ltr'>into</span> <span class='ocrx_word' id='word_1_267' title='bbox 1169 3999 1270 4047; x_wconf 88' lang='lat' dir='ltr'>aclaim</span> <span class='ocrx_word' id='word_1_268' title='bbox 1281 4015 1314 4048; x_wconf 91' lang='lat' dir='ltr'>on</span> <span class='ocrx_word' id='word_1_269' title='bbox 1324 3998 1369 4049; x_wconf 81' lang='lat' dir='ltr'>the</span> 
     </span>
     <span class='ocr_line' id='line_1_37' title="bbox 415 4067 1368 4132; baseline 0.002 -16"><span class='ocrx_word' id='word_1_270' title='bbox 415 4068 511 4130; x_wconf 63' lang='lat' dir='ltr'>hemel,</span> <span class='ocrx_word' id='word_1_271' title='bbox 532 4068 623 4128; x_wconf 87' lang='lat' dir='ltr'>bishop</span> <span class='ocrx_word' id='word_1_272' title='bbox 646 4067 675 4116; x_wconf 80' lang='lat' dir='ltr'>of</span> <span class='ocrx_word' id='word_1_273' title='bbox 693 4067 808 4128; x_wconf 83' lang='lat' dir='ltr'>london,</span> <span class='ocrx_word' id='word_1_274' title='bbox 823 4067 881 4115; x_wconf 87' lang='lat' dir='ltr'>who</span> <span class='ocrx_word' id='word_1_275' title='bbox 905 4072 963 4127; x_wconf 87' lang='lat' dir='ltr'>part</span> <span class='ocrx_word' id='word_1_276' title='bbox 971 4068 1001 4116; x_wconf 86' lang='lat' dir='ltr'>of</span> <span class='ocrx_word' id='word_1_277' title='bbox 1014 4068 1057 4116; x_wconf 87' lang='lat' dir='ltr'>the</span> <span class='ocrx_word' id='word_1_278' title='bbox 1073 4067 1136 4128; x_wconf 79' lang='lat' dir='ltr'>king</span> <span class='ocrx_word' id='word_1_279' title='bbox 1151 4067 1181 4116; x_wconf 86' lang='lat' dir='ltr'>oi</span> <span class='ocrx_word' id='word_1_280' title='bbox 1193 4068 1236 4116; x_wconf 89' lang='lat' dir='ltr'>the</span> <span class='ocrx_word' id='word_1_281' title='bbox 1252 4084 1302 4132; x_wconf 89' lang='lat' dir='ltr'>cup</span> <span class='ocrx_word' id='word_1_282' title='bbox 1317 4071 1368 4118; x_wconf 86' lang='lat' dir='ltr'>and</span> 
     </span>
     <span class='ocr_line' id='line_1_38' title="bbox 418 4135 1370 4202; baseline 0.003 -18"><span class='ocrx_word' id='word_1_283' title='bbox 418 4151 473 4186; x_wconf 86' lang='lat' dir='ltr'>was</span> <span class='ocrx_word' id='word_1_284' title='bbox 490 4137 648 4186; x_wconf 87' lang='lat' dir='ltr'>remarkable</span> <span class='ocrx_word' id='word_1_285' title='bbox 664 4135 754 4186; x_wconf 84' lang='lat' dir='ltr'>sorbis</span> <span class='ocrx_word' id='word_1_286' title='bbox 771 4136 882 4199; x_wconf 82' lang='lat' dir='ltr'>avariae,</span> <span class='ocrx_word' id='word_1_287' title='bbox 905 4137 1004 4198; x_wconf 85' lang='lat' dir='ltr'>palfrey</span> <span class='ocrx_word' id='word_1_288' title='bbox 1024 4137 1054 4185; x_wconf 83' lang='lat' dir='ltr'>of</span> <span class='ocrx_word' id='word_1_289' title='bbox 1072 4151 1089 4184; x_wconf 87' lang='lat' dir='ltr'>a</span> <span class='ocrx_word' id='word_1_290' title='bbox 1116 4137 1241 4185; x_wconf 83' lang='lat' dir='ltr'>deceased</span> <span class='ocrx_word' id='word_1_291' title='bbox 1267 4139 1370 4202; x_wconf 86' lang='lat' dir='ltr'>bishop,</span> 
     </span>
     <span class='ocr_line' id='line_1_39' title="bbox 418 4205 1368 4269; baseline 0.005 -15"><span class='ocrx_word' id='word_1_292' title='bbox 418 4205 453 4254; x_wconf 83' lang='lat' dir='ltr'>all</span> <span class='ocrx_word' id='word_1_293' title='bbox 475 4206 515 4255; x_wconf 87' lang='lat' dir='ltr'>his</span> <span class='ocrx_word' id='word_1_294' title='bbox 537 4207 632 4268; x_wconf 85' lang='lat' dir='ltr'>effecte,</span> <span class='ocrx_word' id='word_1_295' title='bbox 653 4206 703 4254; x_wconf 84' lang='lat' dir='ltr'>ond</span> <span class='ocrx_word' id='word_1_296' title='bbox 725 4221 817 4267; x_wconf 79' lang='lat' dir='ltr'>among</span> <span class='ocrx_word' id='word_1_297' title='bbox 838 4207 880 4254; x_wconf 87' lang='lat' dir='ltr'>the</span> <span class='ocrx_word' id='word_1_298' title='bbox 905 4206 1130 4267; x_wconf 87' lang='lat' dir='ltr'>prior‚andabbot.</span> <span class='ocrx_word' id='word_1_299' title='bbox 1142 4205 1202 4269; x_wconf 86' lang='lat' dir='ltr'>(See</span> <span class='ocrx_word' id='word_1_300' title='bbox 1211 4207 1269 4256; x_wconf 84' lang='lat' dir='ltr'>Rot.</span> <span class='ocrx_word' id='word_1_301' title='bbox 1278 4208 1368 4259; x_wconf 67' lang='lat' dir='ltr'>Claud.</span> 
     </span>
     <span class='ocr_line' id='line_1_40' title="bbox 417 4275 1324 4343; baseline 0.003 -20"><span class='ocrx_word' id='word_1_302' title='bbox 417 4279 469 4324; x_wconf 85' lang='lat' dir='ltr'>rest</span> <span class='ocrx_word' id='word_1_303' title='bbox 479 4275 520 4326; x_wconf 80' lang='lat' dir='ltr'>bis</span> <span class='ocrx_word' id='word_1_304' title='bbox 530 4277 602 4332; x_wconf 77' lang='lat' dir='ltr'>bonta</span> <span class='ocrx_word' id='word_1_305' title='bbox 613 4275 809 4332; x_wconf 75' lang='lat' dir='ltr'>erammedwith</span> <span class='ocrx_word' id='word_1_306' title='bbox 821 4275 881 4338; x_wconf 79' lang='lat' dir='ltr'>gold</span> <span class='ocrx_word' id='word_1_307' title='bbox 906 4280 937 4324; x_wconf 73' lang='lat'>³9</span> <span class='ocrx_word' id='word_1_308' title='bbox 949 4276 1017 4326; x_wconf 86' lang='lat' dir='ltr'>Heu.</span> <span class='ocrx_word' id='word_1_309' title='bbox 1029 4276 1081 4326; x_wconf 90' lang='lat'>111.</span> <span class='ocrx_word' id='word_1_310' title='bbox 1094 4291 1128 4326; x_wconf 88' lang='lat' dir='ltr'>m.</span> <span class='ocrx_word' id='word_1_311' title='bbox 1140 4279 1180 4339; x_wconf 77' lang='lat' dir='ltr'>lt,</span> <span class='ocrx_word' id='word_1_312' title='bbox 1190 4278 1217 4325; x_wconf 92' lang='lat' dir='ltr'>in</span> <span class='ocrx_word' id='word_1_313' title='bbox 1228 4277 1324 4343; x_wconf 84' lang='lat' dir='ltr'>dorso.)</span> 
     </span>
    </p>
   </div>
   <div class='ocr_carea' id='block_1_6' title="bbox 0 0 1576 5025">
    <p class='ocr_par' dir='ltr' id='par_1_7' title="bbox 0 0 1576 5025">
     <span class='ocr_line' id='line_1_41' title="bbox 0 0 1576 5025; baseline 0 3"><span class='ocrx_word' id='word_1_314' title='bbox 0 0 1576 5025; x_wconf 95' lang='lat' dir='ltr'> </span> 
     </span>
    </p>
   </div>
  </div>
 </body>
</html>
