3142 5025
418 519 483 584 682
634 536 744 587 cesru
771 536 897 583 nceuu
922 536 1136 584 ructoaun.
1230 522 1318 603 [mu.
1336 537 1370 583 v.

420 714 495 757 rum
528 692 689 774 gratiam,
720 711 742 755 a
769 692 915 756 Francis
948 690 1192 772 generositatis
1220 692 1371 755 eminen-

420 795 516 857 tiam.
570 792 624 855 De
654 792 787 857 militiae
814 811 917 874 porro
945 799 1071 856 vestrae
1099 789 1271 855 industria
1293 792 1371 875 quis

420 892 570 968 haesitet,
587 911 666 957 cum
688 911 764 957 carn
781 890 1094 956 excellentissimus
1108 898 1210 973 pater
1222 891 1258 953 in
1272 892 1370 956 vobis

422 992 614 1075 suspiciatl
684 992 773 1056 Cum
805 992 896 1055 enim
931 991 1041 1074 aliqui
1071 1000 1187 1055 motus
1214 991 1251 1054 in
1278 991 1370 1055 Nor-

421 1092 562 1156 mannia
590 1092 811 1169 nunciantur,
844 1110 907 1155 vos
940 1090 1133 1173 praemittit,
1170 1098 1211 1155 ut
1243 1089 1370 1156 virtute

425 1199 541 1257 vestra
556 1190 796 1273 profligentur,
820 1198 984 1274 suspecta
1006 1190 1199 1272 sagacitate
1220 1190 1370 1254 redinte-

423 1300 542 1374 gretur
557 1291 763 1355 concordia:
791 1310 869 1355 curn
892 1290 983 1355 redit
1004 1291 1041 1354 in
1061 1309 1218 1371 regnum,
1232 1309 1295 1354 vos
1317 1310 1370 1353 re-

423 1393 530 1468 ducit,
544 1403 584 1455 ut
600 1392 676 1455 sitis
699 1393 731 1455 ei
745 1390 830 1455 foris
849 1391 980 1467 tutelae,
997 1390 1089 1455 domi
1108 1390 1253 1467 laetitiae,
1271 1408 1370 1454 orna-

425 1499 541 1561 mento
555 1492 693 1573 ubique.

476 1590 581 1675 5447.
607 1590 743 1655 Literas
765 1590 817 1653 ita
834 1589 971 1667 fovetis,
994 1598 1035 1654 ut
1055 1610 1134 1654 cum
1158 1590 1235 1654 sitis
1257 1596 1372 1654 tanta·

424 1710 501 1754 rum
529 1689 793 1772 occupationum
825 1690 915 1754 molo
941 1689 1101 1767 districti,
1130 1690 1234 1754 horas
1256 1698 1371 1753 tamen

426 1790 561 1872 aliquas
584 1790 682 1854 vobis
705 1789 912 1873 surripiatis,
929 1791 1055 1872 quibus
1079 1798 1141 1854 aut
1157 1790 1223 1872 ipsi
1245 1789 1372 1871 legere,

426 1897 489 1953 aut
505 1890 659 1971 legentes
674 1888 815 1973 possitis
835 1889 967 1953 audire.
1019 1890 1139 1971 Digno
1159 1890 1279 1972 itaque
1300 1909 1373 1953 mo-

427 1990 602 2053 deramine
634 1988 783 2053 fortunae
808 1996 935 2053 vestrae
964 1988 1202 2053 celsitudinem
1234 2007 1372 2072 compo-

428 2090 521 2166 nitis,
539 2088 620 2152 dum
649 2108 711 2152 nec
738 2088 896 2153 militiam
919 2096 1061 2172 propter
1085 2089 1206 2152 literas
1230 2095 1372 2171 postpo-

427 2187 521 2267 nitis,
550 2208 613 2253 nec
642 2188 763 2253 literas
792 2195 934 2271 propter
961 2188 1132 2265 militiam,
1159 2188 1374 2271 mquidem,

428 2288 640 2372 conspuitis:
664 2287 700 2350 in
716 2307 785 2371 quo
799 2288 904 2351 etiarn
920 2289 1074 2352 scientiae
1089 2295 1215 2352 vestrae
1226 2289 1375 2371 patescit

428 2389 642 2466 miraculum,
658 2388 753 2471 quia,
768 2387 851 2452 dam
862 2387 970 2451 libros
985 2387 1143 2470 diligitis,
1162 2387 1254 2451 datis
1270 2382 1374 2452 ¹indi-

428 2490 519 2553 cium
535 2506 640 2572 quam
655 2488 767 2553 avidis
790 2486 948 2552 medullis
964 2487 1094 2553 sontem
1108 2507 1227 2552 eorum
1246 2488 1374 2553 combi-

427 2590 547 2654 baritis
560 2609 568 2668 3
588 2583 725 2654 ²multae
742 2587 911 2671 siquidem
934 2608 1000 2666 res,
1016 2589 1121 2653 etiam
1136 2608 1214 2654 cum
1229 2608 1299 2653 non
1311 2589 1373 2652 ha-

428 2691 565 2766 bentur,
578 2688 828 2764 desiderantur,
845 2688 1097 2771 philosophiam
1111 2689 1227 2752 nullus
1244 2689 1375 2753 amabit

430 2790 488 2871 qui
503 2807 579 2854 eam
595 2796 752 2853 extrema
766 2787 928 2852 satietate
944 2809 1013 2853 non
1029 2789 1194 2853 hauserit.

480 2889 498 2972 ᾖ
522 2887 599 2952 448.
623 2887 647 2952 J
650 2889 780 2952 ustitiae
810 2895 936 2953 vestrae
964 2888 1057 2953 fama
1085 2889 1242 2970 regiones
1270 2889 1373 2952 etiarn

429 2994 566 3052 nostras
591 2987 731 3068 attigit3
755 3006 777 3050 a
798 2988 896 3052 vobis
923 2989 1091 3071 siquidem
1116 3008 1261 3071 pravum
1280 2988 1375 3072 jndi-

429 3089 520 3151 cium
547 3105 725 3168 nunquam
749 3088 898 3152 extorsit
923 3088 977 3152 vel
1000 3107 1157 3172 personae
1181 3088 1375 3152 sublimitas

430 3187 485 3250 vel
513 3186 662 3250 fortunae
695 3187 857 3251 tenuitas.
912 3188 1010 3252 Nihil
1037 3189 1165 3273 reperit
1191 3189 1227 3251 in
1259 3195 1375 3253 vestro

428 3294 569 3369 pectore
582 3286 675 3369 quod
691 3286 763 3351 suis
780 3288 953 3353 conducat
968 3289 1102 3353 artibus
1123 3289 1183 3371 qui
1200 3289 1374 3372 justitiam

429 3386 638 3451 labefactare
663 3384 820 3465 conatur,
845 3407 906 3451 sen
928 3389 1103 3454 oblatione
1126 3389 1289 3466 muneris,
1313 3407 1375 3452 seu

430 3487 652 3552 delinimento
666 3487 808 3551 favoris.

481 3587 591 3671 5449.
614 3581 877 3652 ³Munificentiae
897 3593 1023 3653 vestrae
1047 3589 1271 3670 pecuniaeque
1293 3607 1375 3651 con-

429 3694 598 3770 temptum
621 3687 806 3769 praetendit
820 3686 1073 3751 Teochesbiriae
1095 3688 1309 3766 coenobium3
1333 3686 1376 3749 de

427 3806 495 3868 qno
519 3785 576 3873 (ut
597 3783 717 3870 audio)
733 3807 803 3850 non
825 3788 937 3850 solum
961 3789 1066 3851 xenia
1089 3808 1158 3851 non
1182 3787 1376 3863 corroditis,

425 4117 888 4200 .¹.¹.'¹d⁵⁶²'¹‘''²·]⁴⁴·⁶·¹²·¹³'·¹⁴²·³
949 4102 1376 4216 ³uunrfi0aa2...jmaa.]r.s‚

418 4188 555 4250 Jud¹⁰¹¹¹¹¹l
568 4188 596 4238 ⁸·
915 4223 944 4270 c.
957 4220 992 4270 o.
1007 4222 1061 4269 aa.
1073 4219 1231 4270 ua-me
1250 4219 1333 4267 wude
1349 4218 1379 4266 or

457 4255 588 4320 mura]
611 4257 644 4308 A.
664 4261 693 4307 o.
712 4258 746 4308 o.
766 4261 797 4307 a.
814 4260 886 4317 ης

421 4328 515 4389 multis,
528 4328 556 4377 S·
912 4291 962 4339 this
973 4292 1069 4339 section
1080 4291 1102 4338 is
1113 4290 1217 4339 omitted
1228 4290 1254 4337 in
1267 4289 1321 4337 El.
