3142 5025
216 503 351 583 urna]
439 519 552 568 cnsrn
576 520 703 568 nruuu
727 521 941 570 suenorum.
1103 508 1169 571 647

215 682 394 759 ceperunt,
415 695 436 740 a
461 676 636 741 consortio
657 680 778 740 nostro
802 683 839 741 et
862 675 1017 740 ecclesiae
1034 674 1167 741 alienos
1179 698 1328 749 racemus

217 769 425 841 ¹habemus.'
1177 750 1306 791 ”mm

266 875 384 960 5416.
418 874 624 941 ‘Paschalis
660 876 838 941 Ansolmo.
891 875 995 954 Quod
1023 871 1164 956 Anglici

216 976 308 1057 regis
335 995 396 1039 cor
421 975 465 1038 ad
491 974 814 1057 apostolicaesedis
836 975 1067 1040 obedientiam
1090 995 1163 1038 om·

216 1074 404 1157 uipotentis
419 1074 487 1139 Dei
503 1075 660 1157 dignatio
681 1075 877 1151 inclinavit,
891 1074 1003 1138 eidem
1020 1074 1163 1139 misera·

216 1175 351 1239 tionum
374 1173 526 1238 Domino
549 1175 682 1255 gratias
705 1175 853 1256 agimus,
875 1175 912 1238 in
934 1173 1036 1258 cujus
1057 1194 1163 1238 mauu

215 1273 321 1339 corda
338 1293 459 1355 regum
475 1281 670 1339 versantur.
717 1274 798 1337 Hoc
816 1273 977 1337 nimirum
992 1280 1063 1337 tuae
1078 1274 1161 1337 cha·

216 1372 330 1437 ritatis
359 1374 486 1455 gretia,
519 1379 726 1457 tuarumque
755 1374 951 1437 orationum
981 1372 1161 1450 instantia,

216 1471 347 1537 factum
362 1472 546 1549 credimus,
563 1472 651 1538 utin
666 1473 731 1537 hac
748 1479 847 1555 parte
867 1472 1034 1555 populum
1049 1472 1161 1545 illum,

215 1570 271 1635 cui
296 1578 360 1636 tua
383 1571 580 1636 sollicitudo
607 1572 784 1655 praesidet,
809 1572 987 1636 miseratio
1011 1591 1161 1654 superna

215 1672 413 1754 respiceret.
466 1670 570 1749 Quod
593 1680 709 1737 autern
731 1679 767 1736 et
781 1672 869 1753 regi,
891 1671 997 1735 ethis
1016 1672 1077 1754 qui
1099 1673 1160 1735 ob-

215 1770 312 1835 noxii
328 1770 499 1847 videntur,
522 1769 609 1834 adeo
636 1770 955 1848 condescendimus,
969 1790 1012 1834 eo
1035 1770 1162 1835 affectu
1264 1810 1267 1816 ,

215 1876 251 1933 et
272 1869 510 1952 compassione
533 1870 664 1935 sactum
695 1871 846 1947 noveris
874 1877 915 1935 ut
938 1890 999 1934 eos
1023 1871 1084 1952 qui
1102 1870 1160 1954 ja·

215 1969 341 2032 cebant
367 1968 499 2051 erigere
523 1969 722 2035 valeamus:
746 1978 781 2035 te
808 1976 924 2033 autem
944 1968 999 2056 (in
1020 1969 1162 2034 Christo

216 2069 423 2133 venerabilis
450 2076 486 2133 et
514 2068 714 2133 charissime
740 2066 866 2153 frater)
888 2070 933 2132 ab
956 2069 1019 2133 illa
1043 2069 1161 2151 probi-

216 2167 346 2232 bitione
378 2168 452 2233 sive
488 2166 547 2254 (ut
581 2162 621 2233 tu
652 2165 781 2252 credis)
808 2169 1162 2233 excommunicatione

216 2268 441 2345 absolvimus
457 2286 563 2350 quam
585 2269 629 2332 ab
649 2275 867 2332 antecessore
888 2275 1008 2331 nostro
1029 2275 1161 2332 sanctae

217 2366 391 2432 memoriae
423 2366 568 2431 Urbano
603 2386 696 2450 pape
731 2367 898 2431 adversus
935 2367 1162 2432 investituras

110 2456 112 2461 ’
215 2458 275 2530 ²ac
299 2464 452 2530 hominia
475 2465 601 2532 factam
625 2466 800 2549 intelligis.
843 2466 901 2531 Tu
915 2486 999 2532 vero
1021 2468 1162 2550 eosqui

217 2573 279 2630 aut
300 2566 524 2632 investituras
553 2586 728 2650 accepere,
753 2574 815 2631 aut
845 2567 1029 2631 investitos
1057 2568 1162 2631 bene·

217 2665 349 2743 dixere,
378 2672 441 2730 aut
476 2665 630 2730 hominia
667 2667 791 2744 fecere,
820 2686 900 2731 cum
931 2685 973 2730 ea
1004 2667 1163 2731 satisfac-

217 2765 311 2828 tione
332 2783 437 2846 quam
469 2765 532 2829 tibi
556 2786 619 2848 per
647 2785 846 2831 communes
867 2767 1003 2847 legatos
1025 2766 1163 2830 Willel·

217 2884 311 2928 mum
335 2882 376 2927 ec
399 2864 650 2944 Baldewinum,
667 2866 760 2930 viros
785 2865 903 2930 fideles
929 2872 965 2929 et
979 2865 1164 2943 veridicos,

217 2963 465 3046 significemus,
499 2965 649 3030 Domino
680 2972 888 3048 cooperante
914 2966 1094 3047 suscipito,
1127 2973 1166 3030 et
1229 3013 1240 3034 ,

216 3083 276 3128 eos
290 3065 367 3130 vice
388 3051 518 3128 nostrae
545 3065 764 3130 auctoritatis
786 3065 979 3145 absolvito;
1002 3085 1090 3148 quos
1106 3066 1163 3130 vel

217 3162 292 3245 ipse
318 3163 512 3240 benedicas,
538 3164 595 3230 vel
625 3183 648 3228 a
678 3165 805 3248 quibus
829 3164 980 3229 volueris
1008 3165 1164 3229 benedici

218 3256 430 3346 'praecipias
453 3261 521 3326 nisi
537 3262 574 3327 in
596 3261 640 3327 iis
660 3263 755 3328 aliud
776 3264 866 3329 forte
886 3263 1038 3346 reperias
1059 3284 1163 3347 prop·

217 3368 271 3426 ter
294 3361 387 3444 quod
420 3381 442 3426 a
469 3363 617 3428 sacratis
646 3362 835 3427 honoribus
862 3364 934 3427 sint
965 3362 1162 3446 repellendi.

217 3460 255 3524 Si
282 3462 341 3544 qui
362 3481 447 3526 vero
469 3461 631 3546 deinceps
655 3469 782 3545 praeter
804 3463 1029 3528 investituras
1055 3461 1165 3526 eccle-

217 3560 347 3624 siarum
377 3560 600 3643 praelationes
632 3562 895 3645 assumpserint,
923 3560 1060 3652 etiamsi
1090 3562 1165 3642 regi

217 3659 370 3724 hominia
394 3660 550 3738 fecerint,
566 3681 786 3745 nequaquam
806 3662 851 3725 ob
869 3662 935 3726 hoc
957 3681 981 3726 a
1005 3660 1165 3724 benedic·

217 3759 322 3825 tionis
336 3779 478 3823 munere
496 3767 691 3838 arceantur,
701 3761 811 3825 donec
820 3753 1085 3843 *omnipotentis
1099 3759 1166 3824 Dei

252 4021 261 4054 ¹
274 4023 421 4088 Habemus]
439 4025 487 4074 See
503 4025 554 4075 this
569 4027 644 4076 letter
652 4027 680 4075 in
739 4023 918 4089 3Ρνιεεὶρίιιο.]
930 4024 963 4076 Α.
973 4027 1003 4075 C.
1012 4025 1048 4075 D.
1057 4025 1090 4074 Ε.
1100 4025 1166 4086 1223

218 4094 337 4157 Eadmer,
348 4111 374 4157 p.
386 4099 428 4157 tr,
440 4100 531 4156 etseq.
704 4097 841 4158 percipias,
853 4095 882 4145 S.
1191 4115 1194 4121 ·

740 4163 938 4228 ‘omnipotentis
950 4164 1000 4213 Dei
1008 4160 1118 4233 gratia]
1138 4166 1169 4213 C.

253 4231 332 4298 Ua]
354 4233 389 4285 A.
400 4236 430 4285 C.
443 4236 478 4286 D.
493 4237 523 4285 E.
536 4235 609 4296 Ln.;
626 4239 680 4297 eut,
705 4236 740 4285 D.
749 4236 798 4294 Ε.;
809 4235 1039 4297 peromuipotentis
1049 4236 1101 4285 Dei
1112 4249 1171 4299 gre·

218 4303 247 4352 S.
704 4307 776 4368 uem,
786 4304 820 4355 A.
833 4305 862 4356 S.
874 4305 930 4354 La.

977 4394 1049 4440 2u2
