3142 5025
349 1073 353 1080 .
477 995 904 1080 PROLOGUS

395 1205 452 1264 IN
481 1207 688 1269 LIBRUM
720 1205 980 1274 QUINTUM.

211 1564 348 1611 INCIPIT
365 1564 552 1613 PROLOGUS
572 1563 736 1612 EIUSDEM
754 1563 792 1610 IN
814 1563 954 1611 LIBRUM
978 1564 1161 1623 QUINTUIII.

254 1894 276 1937 Ψ
389 1888 473 1970 styli
505 1886 617 1977 cilicio
657 1887 806 1970 posteris
840 1887 988 1964 tradere,
1019 1888 1160 1971 majoris

332 1979 339 1999 ’
389 2007 493 2068 quam
520 1987 661 2050 anobis
684 1986 810 2050 debeat
825 1979 977 2069 ¹exquiri
1002 1994 1056 2050 est
1079 2007 1161 2070 ope-

214 2106 286 2167 rae3
312 2094 450 2150 namet
473 2087 503 2149 si
529 2087 605 2149 sola
631 2105 710 2168 qnae
736 2091 876 2150 nostras
906 2105 1008 2150 aures
1035 2087 1161 2169 attige-

214 2194 297 2250 runt
331 2187 459 2268 scripto
489 2185 749 2262 mandarentur,
780 2185 965 2268 cujuslibet
997 2185 1160 2268 eloquen-

217 2287 341 2349 tissimi
369 2304 494 2349 nervos
519 2285 679 2367 fatigare,
703 2292 739 2348 et
763 2284 910 2365 grandia
939 2293 1082 2367 possent
1106 2305 1162 2349 ar-

143 2410 150 2420 ·
215 2385 326 2448 maria
348 2403 507 2466 gravare.
560 2382 649 2463 Quis
678 2404 762 2465 ergo
791 2391 935 2447 conetur
959 2385 1075 2448 omnia
1099 2385 1161 2450 illa

215 2484 436 2549 consiliorum
450 2482 614 2566 pondera,
629 2482 691 2547 illa
706 2490 882 2566 gestorum
898 2483 1067 2566 regalium
1086 2504 1160 2549 mo·

214 2584 347 2661 limina,
377 2582 583 2647 enucleatim
612 2585 794 2647 retexeret
822 2583 955 2647 altioris
984 2591 1067 2647 sunt
1091 2585 1161 2649 ista

217 2684 346 2765 negotii
361 2690 397 2746 et
411 2682 584 2747 otiosioris
601 2684 718 2746 animi.
763 2682 839 2747 Vix
854 2682 928 2746 haec
945 2683 1089 2747 auderet
1102 2684 1160 2749 vel

217 2780 339 2846 Cicero
353 2781 390 2844 in
402 2800 518 2863 prosa,
533 2781 633 2865 cujus
648 2781 772 2846 adorat
784 2781 876 2845 sales
888 2789 964 2845 tota
975 2782 1161 2861 Latinitas,

215 2882 273 2946 vel
299 2880 330 2944 si
353 2882 430 2964 quis
448 2900 608 2944 versuum
631 2881 749 2945 favore
770 2880 999 2945 Mantuanum
1021 2882 1161 2947 lacessit

216 2988 367 3063 poetam.
417 2978 518 3043 Adde
534 2980 638 3061 quod,
654 2982 736 3043 dum
758 2981 930 3063 ambiguis
953 2982 1159 3046 relatoribus

217 3079 320 3143 Iidem
335 3078 491 3157 detraho,
515 3078 616 3143 homo
637 3080 759 3163 procul
774 3081 818 3143 ab
833 3081 953 3144 aulicis
976 3083 1161 3165 mysteriis,

217 3186 382 3256 secretus,
405 3178 539 3261 majora
562 3185 662 3261 gesta
684 3179 861 3261 ignorans,
882 3181 1004 3263 paucis
1020 3200 1161 3245 manum

217 3297 366 3361 appono.
418 3276 536 3357 Quare
560 3277 746 3342 verendum
771 3286 837 3356 est,
863 3299 918 3355 ne,
942 3279 1024 3343 dum
1050 3280 1161 3345 literae

217 3377 350 3441 distant
389 3378 433 3440 ab
467 3377 572 3440 animi
600 3384 696 3454 voto,
732 3377 845 3441 minor
870 3378 1031 3442 videatur
1062 3380 1161 3464 cujus

218 3483 319 3558 gesta
329 3476 439 3540 multa
453 3483 634 3560 praetereo.
665 3476 903 3541 Veruntamen
917 3476 1020 3561 hujus
1036 3480 1161 3563 culpae,

217 3576 248 3639 si
265 3576 368 3659 culpa
385 3573 530 3639 dicenda
551 3583 616 3653 est,
632 3577 724 3639 bona
740 3576 807 3639 erit
820 3576 912 3659 apud
929 3577 1025 3640 illum
1040 3578 1161 3662 depre-

218 3675 310 3738 catio
324 3675 383 3758 qui
400 3675 591 3739 meminerit
611 3695 666 3738 me
680 3695 743 3738 nec
757 3676 873 3739 omnia
886 3675 962 3758 ejus
984 3684 1084 3758 gesta
1099 3698 1161 3759 po-

218 3774 327 3837 tuisse
349 3793 463 3851 nosse,
487 3793 551 3838 nec
572 3774 688 3837 omnia
704 3794 782 3856 quae
806 3793 970 3839 noveram
994 3777 1162 3858 scriptum

216 3872 259 3936 iri
274 3872 452 3937 debuisse:
476 3874 622 3937 alterum
645 3874 800 3956 exegerit
815 3893 972 3957 personae
995 3895 1080 3939 meae
1100 3896 1162 3940 ex-

217 3972 324 4048 ilitas,
348 3971 496 4035 alterum
519 3980 681 4036 coactura
702 3972 749 4035 sit
769 3971 979 4037 lecturorum
1006 3976 1161 4039 satietas.

220 4070 340 4135 Pauca
361 4072 468 4152 igitur
493 4091 607 4135 rerum
638 4071 713 4154 ejus
739 4070 827 4135 liber
849 4072 905 4136 hic
931 4074 1073 4157 quintus
1099 4095 1163 4139 suo

342 4344 345 4350 ·
390 4325 398 4356 ¹
414 4325 545 4388 nsquam]
563 4326 598 4375 o.
609 4326 661 4386 n.;
676 4327 779 4376 omiueu
795 4329 820 4375 in
832 4328 865 4377 Α.
878 4328 906 4379 s,
921 4331 949 4377 c.
961 4328 992 4379 n.

962 4405 985 4467 2
999 4422 1017 4467 s
