3142 5025
445 525 512 590 418
661 540 925 594 ousrnnuouu
950 540 1165 590 nncnonuu.
1202 608 1206 615 ἢ
1241 527 1397 608 [maur.

447 705 560 761 torum
573 697 679 761 verba
694 696 952 761 balbutiebant:
976 698 1111 780 stupori
1134 704 1211 763 erat
1232 706 1268 764 et
1291 701 1396 765 mira·

446 798 526 859 culo
541 796 675 859 caeteris
690 797 749 879 qui
765 797 1025 879 grammaticam
1038 805 1166 862 nosset.
1215 798 1395 879 Monachi,

447 897 631 959 subtilibus
660 896 870 961 indumentis
902 904 937 959 et
965 896 1172 961 indifferenti
1198 918 1323 978 genere
1346 902 1396 963 ci-

447 997 581 1073 borum,
602 995 759 1077 regulam
784 995 1021 1061 ludificabant.
1074 996 1283 1078 optimates,
1304 1000 1397 1081 gulae

447 1103 483 1161 et
497 1096 614 1160 veneri
630 1095 749 1174 dediti,
766 1095 948 1160 ecclesiam
965 1114 1060 1159 more
1078 1095 1278 1161 Christiano
1295 1118 1396 1163 mane

446 1215 516 1259 non
539 1195 702 1275 adibant;
736 1195 798 1259 sed
825 1196 860 1258 in
884 1195 1055 1272 cubiculo,
1076 1203 1111 1260 et
1136 1194 1227 1260 inter
1251 1199 1395 1262 uxorios

447 1295 640 1377 amplexus,
667 1296 914 1359 matutinarum
948 1295 1116 1360 solemnia
1147 1303 1183 1358 et
1210 1296 1394 1362 missarum

447 1413 469 1457 a
485 1394 672 1459 festinante
693 1395 896 1478 presbytero
913 1395 1053 1457 auribus
1069 1401 1204 1459 tautum
1227 1395 1394 1462 libabant.

446 1493 598 1575 Vulgus,
615 1494 650 1557 in
672 1494 786 1558 medio
808 1494 1018 1576 expositum,
1032 1496 1150 1577 praeda
1173 1503 1249 1559 erat
1273 1504 1397 1579 poten-

446 1592 604 1669 tioribus,
621 1601 673 1667 ut,
689 1594 746 1657 vel
759 1613 878 1657 eorum
901 1594 1106 1659 substantiis
1129 1594 1322 1673 exhaustis,
1338 1596 1395 1661 vel

445 1692 551 1756 etiam
573 1693 774 1776 corporibus
795 1694 833 1757 in
854 1694 1064 1776 longinquas
1080 1700 1190 1759 terras
1206 1694 1395 1773 distractis,

446 1810 589 1856 acervos
604 1793 844 1859 thesaurorum
857 1801 1094 1875 congererent,
1108 1813 1307 1877 quanquam
1321 1815 1395 1860 ma·

446 1893 500 1974 gis
528 1892 721 1974 ingenitum
757 1894 805 1958 sit
839 1893 890 1957 illi
920 1894 1017 1975 genti
1047 1894 1393 1959 commessationibus

445 1980 551 2075 quam
568 1986 710 2076 ¹opibus
726 1993 872 2057 inhiare.
924 1992 1017 2058 Illud
1041 2001 1116 2057 erat
1139 2012 1161 2057 a
1186 2002 1313 2058 natura
1332 1995 1393 2059 ab·

446 2090 601 2167 horrens,
615 2093 708 2176 quod
724 2093 824 2157 multi
841 2092 986 2157 ancillas
1003 2112 1085 2158 suas
1102 2112 1146 2156 ex
1164 2113 1202 2157 se
1217 2094 1392 2175 gravidas

446 2192 505 2255 ubi
522 2192 656 2257 libidini
678 2193 940 2284 satisfecissent,
964 2192 1092 2257 autad
1115 2194 1291 2275 publicum
1312 2214 1394 2276 pro-

445 2292 611 2356 stibulum
633 2300 695 2357 eut
720 2292 765 2358 ad
789 2286 988 2357 ²externum
1011 2293 1214 2376 obsequium
1234 2294 1393 2358 vendita·

446 2392 542 2457 bant.
594 2386 808 2458 ³Petebatur
828 2393 864 2455 in
889 2412 1069 2457 commune
1090 2394 1134 2457 ab
1160 2394 1329 2471 omnibus
1351 2394 1392 2461 in

446 2490 511 2557 hoc
525 2493 640 2557 studio
656 2500 777 2558 noctes
798 2493 939 2577 perinde
953 2500 993 2557 ut
1007 2492 1080 2557 dies
1095 2493 1392 2577 perpetuantibus.

446 2591 572 2656 Parvis
601 2600 636 2657 et
666 2592 812 2677 abjectis
842 2593 1000 2658 domibus
1028 2601 1120 2657 totos
1148 2586 1393 2659 *absumebant

444 2698 623 2774 sumptns3
652 2691 796 2756 Francis
820 2699 855 2757 et
881 2692 1093 2757 Normannis
1121 2694 1307 2771 absimiles,
1333 2695 1393 2776 qui

445 2791 570 2875 amplis
605 2799 641 2856 et
670 2793 828 2875 superbis
856 2792 1010 2856 aedificiis
1038 2793 1190 2856 modicas
1220 2813 1393 2876 expensas

327 2897 330 2901 '
444 2899 567 2974 agunt.
618 2891 859 2974 Sequebantur
875 2893 962 2956 vitia
984 2893 1161 2956 ebrietatis
1183 2892 1290 2970 socia,
1315 2913 1392 2975 quse

444 2992 596 3055 virorum
621 2991 754 3055 animos
781 2991 1001 3056 effaeminant.
1054 2991 1149 3056 Hinc
1175 2993 1392 3071 factumest,

443 3098 495 3168 ut,
522 3090 634 3173 magis
659 3092 854 3156 temeritate
886 3099 922 3156 et
947 3091 1062 3155 furore
1090 3092 1263 3174 praecipiti
1288 3111 1392 3175 quam

443 3190 589 3255 scientia
613 3191 755 3255 militari
770 3190 946 3256 Willelmo
968 3192 1157 3272 congressi,
1173 3211 1244 3255 uno
1259 3192 1392 3275 praelio,

443 3297 479 3354 et
494 3291 572 3372 ipso
586 3291 753 3374 perfacili,
770 3292 931 3356 servituti
947 3311 985 3354 se
1000 3291 1217 3374 patriamque
1243 3311 1390 3374 pessun-

443 3389 611 3456 dederint.
672 3391 771 3456 Nihil
804 3391 894 3455 enim
927 3391 1123 3455 temeritate
1158 3390 1292 3471 levius3
1330 3393 1391 3456 sed
1451 3440 1459 3449 .

442 3491 605 3573 quicquid
636 3511 714 3554 cum
738 3492 870 3574 impetu
901 3491 1053 3567 inchoat,
1087 3490 1156 3554 cito
1180 3490 1307 3555 desinit
1334 3493 1392 3556 vel

442 3590 681 3673 compescitur.
734 3589 791 3654 Ad
824 3609 1007 3667 summam,
1029 3583 1131 3654 ⁶tuno
1164 3597 1262 3654 erant
1284 3587 1394 3674 Angli

477 3898 485 3930 ¹
506 3896 626 3970 opatu]
643 3901 677 3952 n.
699 3903 729 3952 c.
749 3903 784 3953 n.
802 3904 834 3952 a.
854 3904 901 3964 n.;
925 3904 1156 3969 pepuleritis]
1179 3906 1227 3955 see
1253 3906 1267 3968 o
1288 3909 1346 3968 rto,
1366 3921 1393 3968 p.

438 3973 568 4034 operibus,
583 3973 613 4022 S.
697 3981 703 3992 ‘
927 3977 985 4024 237.

476 4038 637 4091 'Extenuat
645 4042 784 4105 obreqmm
794 4042 902 4092 venditu·
921 4049 929 4066 ·
964 4041 1170 4108 ⁴Absumebuat.]
1189 4045 1217 4095 S.
1237 4047 1268 4097 C.
1287 4046 1322 4096 D.
1343 4046 1392 4106 E.;

439 4107 521 4178 bau]
534 4113 565 4161 G.
577 4113 613 4162 D.
624 4113 657 4161 Ε.
666 4112 714 4172 L.;
726 4116 848 4162 murnum
859 4114 903 4162 ob·
928 4114 1124 4177 abliguriebaut,
1135 4115 1167 4164 h.

439 4181 557 4241 sequium
568 4182 828 4244 vendicabant‚A.S.
854 4183 901 4232 See
962 4181 1053 4232 ⁵Tunc
1067 4183 1227 4246 erautdugli
1313 4185 1393 4248 iurig-
1458 4181 1459 4184 '

437 4254 497 4299 note
507 4247 526 4310 ¹,
536 4267 563 4313 p.
574 4255 615 4301 63.
928 4248 1001 4320 utet]
1029 4253 1092 4304 This
1113 4255 1267 4316 description
1294 4256 1324 4305 of
1347 4256 1391 4304 the

474 4317 485 4351 ⁸
503 4321 640 4371 Potabetar
661 4320 688 4368 iu
708 4337 829 4372 emmane
853 4357 859 4369 .
874 4357 881 4372 .
894 4356 902 4371 .
928 4323 1036 4385 English
1046 4329 1114 4375 must
1124 4325 1226 4375 referto
1236 4324 1279 4375 the
1290 4326 1391 4376 ancient
