<?xml version="1.0" encoding="UTF-8"?>
<!DOCTYPE html PUBLIC "-//W3C//DTD XHTML 1.0 Transitional//EN"
    "http://www.w3.org/TR/xhtml1/DTD/xhtml1-transitional.dtd">
<html xmlns="http://www.w3.org/1999/xhtml" xml:lang="en" lang="en">
 <head>
  <title>
</title>
<meta http-equiv="Content-Type" content="text/html;charset=utf-8" />
  <meta name='ocr-system' content='tesseract 3.04.00' />
  <meta name='ocr-capabilities' content='ocr_page ocr_carea ocr_par ocr_line ocrx_word'/>
</head>
<body>
  <div class='ocr_page' id='page_1' title='image "./willelmimalmesb01willgoog_0303.png"; bbox 0 0 3142 5025; ppageno 0'>
   <div class='ocr_carea' id='block_1_1' title="bbox 271 690 400 781">
    <p class='ocr_par' dir='ltr' id='par_1_1' title="bbox 271 690 400 781">
     <span class='ocr_line' id='line_1_1' title="bbox 271 690 390 731; baseline 0.008 -1"><span class='ocrx_word' id='word_1_1' title='bbox 271 691 357 731; x_wconf 65' lang='lat' dir='ltr'><strong>contat</strong></span> <span class='ocrx_word' id='word_1_2' title='bbox 365 690 390 731; x_wconf 81' lang='lat' dir='ltr'><strong>ol</strong></span> 
     </span>
     <span class='ocr_line' id='line_1_2' title="bbox 272 742 400 781; baseline 0 0"><span class='ocrx_word' id='word_1_3' title='bbox 272 742 313 781; x_wconf 80' lang='lat' dir='ltr'><strong>Em</strong></span> <span class='ocrx_word' id='word_1_4' title='bbox 328 742 400 781; x_wconf 82' lang='lat' dir='ltr'><strong>.llen.</strong></span> 
     </span>
    </p>
   </div>
   <div class='ocr_carea' id='block_1_2' title="bbox 271 752 407 831">
    <p class='ocr_par' dir='ltr' id='par_1_2' title="bbox 271 752 407 831">
     <span class='ocr_line' id='line_1_3' title="bbox 271 752 407 831; baseline 0.015 -2"><span class='ocrx_word' id='word_1_5' title='bbox 271 791 298 830; x_wconf 84' lang='lat' dir='ltr'><strong>V.</strong></span> <span class='ocrx_word' id='word_1_6' title='bbox 307 752 359 831; x_wconf 51' lang='lat' dir='ltr'><strong>gith</strong></span> <span class='ocrx_word' id='word_1_7' title='bbox 369 792 407 831; x_wconf 81' lang='lat' dir='ltr'><strong>the</strong></span> 
     </span>
    </p>
   </div>
   <div class='ocr_carea' id='block_1_3' title="bbox 273 841 389 893">
    <p class='ocr_par' dir='ltr' id='par_1_3' title="bbox 273 841 389 893">
     <span class='ocr_line' id='line_1_4' title="bbox 273 841 389 893; baseline 0.009 -13"><span class='ocrx_word' id='word_1_8' title='bbox 273 841 337 893; x_wconf 71' lang='lat' dir='ltr'><strong>Pupul</strong></span> <span class='ocrx_word' id='word_1_9' title='bbox 346 852 389 883; x_wconf 77' lang='lat' dir='ltr'><strong>see.</strong></span> 
     </span>
    </p>
   </div>
   <div class='ocr_carea' id='block_1_4' title="bbox 432 494 1382 577">
    <p class='ocr_par' dir='ltr' id='par_1_4' title="bbox 432 494 1382 577">
     <span class='ocr_line' id='line_1_5' title="bbox 432 494 1382 577; baseline -0.001 -17"><span class='ocrx_word' id='word_1_10' title='bbox 432 494 498 560; x_wconf 85' lang='grc'><strong>660</strong></span> <span class='ocrx_word' id='word_1_11' title='bbox 643 512 756 560; x_wconf 76' lang='lat' dir='ltr'><strong>casm</strong></span> <span class='ocrx_word' id='word_1_12' title='bbox 780 511 907 561; x_wconf 79' lang='lat' dir='ltr'><strong>aucun</strong></span> <span class='ocrx_word' id='word_1_13' title='bbox 932 511 1144 560; x_wconf 75' lang='lat' dir='ltr'><strong>lucuoauu.</strong></span> <span class='ocrx_word' id='word_1_14' title='bbox 1245 498 1330 577; x_wconf 79' lang='lat' dir='ltr'><strong>[uro.</strong></span> <span class='ocrx_word' id='word_1_15' title='bbox 1348 513 1382 559; x_wconf 93' lang='lat' dir='ltr'><strong>v.</strong></span> 
     </span>
    </p>
   </div>
   <div class='ocr_carea' id='block_1_5' title="bbox 431 666 1384 4037">
    <p class='ocr_par' dir='ltr' id='par_1_5' title="bbox 431 666 1384 3734">
     <span class='ocr_line' id='line_1_6' title="bbox 434 666 1384 751; baseline -0.001 -20"><span class='ocrx_word' id='word_1_16' title='bbox 434 666 666 745; x_wconf 80' lang='lat' dir='ltr'><strong>concedimus,</strong></span> <span class='ocrx_word' id='word_1_17' title='bbox 688 676 724 733; x_wconf 91' lang='lat' dir='ltr'><strong>et</strong></span> <span class='ocrx_word' id='word_1_18' title='bbox 748 668 930 751; x_wconf 88' lang='lat' dir='ltr'><strong>praesentis</strong></span> <span class='ocrx_word' id='word_1_19' title='bbox 952 668 1125 751; x_wconf 81' lang='lat' dir='ltr'><strong>privilegii</strong></span> <span class='ocrx_word' id='word_1_20' title='bbox 1146 668 1277 750; x_wconf 79' lang='lat' dir='ltr'><strong>pagina</strong></span> <span class='ocrx_word' id='word_1_21' title='bbox 1301 686 1384 731; x_wconf 89' lang='lat' dir='ltr'><strong>con-</strong></span> 
     </span>
     <span class='ocr_line' id='line_1_7' title="bbox 434 766 1382 850; baseline 0.001 -21"><span class='ocrx_word' id='word_1_22' title='bbox 434 766 622 845; x_wconf 87' lang='lat' dir='ltr'><strong>firmamus,</strong></span> <span class='ocrx_word' id='word_1_23' title='bbox 646 775 686 832; x_wconf 90' lang='lat' dir='ltr'><strong>ut</strong></span> <span class='ocrx_word' id='word_1_24' title='bbox 711 769 810 849; x_wconf 78' lang='lat' dir='ltr'><strong>regni</strong></span> <span class='ocrx_word' id='word_1_25' title='bbox 833 769 886 832; x_wconf 89' lang='lat' dir='ltr'><strong>tui</strong></span> <span class='ocrx_word' id='word_1_26' title='bbox 916 767 1087 850; x_wconf 87' lang='lat' dir='ltr'><strong>episeopis</strong></span> <span class='ocrx_word' id='word_1_27' title='bbox 1108 768 1166 832; x_wconf 92' lang='lat' dir='ltr'><strong>vel</strong></span> <span class='ocrx_word' id='word_1_28' title='bbox 1187 768 1382 843; x_wconf 89' lang='lat' dir='ltr'><strong>abhatibus,</strong></span> 
     </span>
     <span class='ocr_line' id='line_1_8' title="bbox 432 866 1380 950; baseline 0 -21"><span class='ocrx_word' id='word_1_29' title='bbox 432 866 551 943; x_wconf 89' lang='lat' dir='ltr'><strong>libere,</strong></span> <span class='ocrx_word' id='word_1_30' title='bbox 575 875 703 949; x_wconf 88' lang='lat' dir='ltr'><strong>praeter</strong></span> <span class='ocrx_word' id='word_1_31' title='bbox 720 867 921 932; x_wconf 89' lang='lat' dir='ltr'><strong>violentiam</strong></span> <span class='ocrx_word' id='word_1_32' title='bbox 948 867 1004 931; x_wconf 87' lang='lat' dir='ltr'><strong>vel</strong></span> <span class='ocrx_word' id='word_1_33' title='bbox 1032 867 1226 950; x_wconf 80' lang='lat' dir='ltr'><strong>symoniam</strong></span> <span class='ocrx_word' id='word_1_34' title='bbox 1247 866 1380 942; x_wconf 88' lang='lat' dir='ltr'><strong>electis,</strong></span> 
     </span>
     <span class='ocr_line' id='line_1_9' title="bbox 433 965 1382 1049; baseline -0.003 -18"><span class='ocrx_word' id='word_1_35' title='bbox 433 965 675 1031; x_wconf 80' lang='lat' dir='ltr'><strong>investituram</strong></span> <span class='ocrx_word' id='word_1_36' title='bbox 694 967 803 1049; x_wconf 83' lang='lat' dir='ltr'><strong>rirgae</strong></span> <span class='ocrx_word' id='word_1_37' title='bbox 825 974 861 1031; x_wconf 90' lang='lat' dir='ltr'><strong>et</strong></span> <span class='ocrx_word' id='word_1_38' title='bbox 882 966 1001 1030; x_wconf 91' lang='lat' dir='ltr'><strong>annuli</strong></span> <span class='ocrx_word' id='word_1_39' title='bbox 1023 966 1202 1046; x_wconf 84' lang='lat' dir='ltr'><strong>conseras3</strong></span> <span class='ocrx_word' id='word_1_40' title='bbox 1228 973 1309 1049; x_wconf 92' lang='lat' dir='ltr'><strong>post</strong></span> <span class='ocrx_word' id='word_1_41' title='bbox 1329 966 1382 1029; x_wconf 91' lang='lat' dir='ltr'><strong>in·</strong></span> 
     </span>
     <span class='ocr_line' id='line_1_10' title="bbox 434 1065 1380 1147; baseline -0.003 -17"><span class='ocrx_word' id='word_1_42' title='bbox 434 1066 625 1130; x_wconf 88' lang='lat' dir='ltr'><strong>vestionem</strong></span> <span class='ocrx_word' id='word_1_43' title='bbox 639 1086 723 1130; x_wconf 89' lang='lat' dir='ltr'><strong>vero</strong></span> <span class='ocrx_word' id='word_1_44' title='bbox 744 1068 909 1130; x_wconf 86' lang='lat' dir='ltr'><strong>canonice</strong></span> <span class='ocrx_word' id='word_1_45' title='bbox 934 1066 1229 1131; x_wconf 88' lang='lat' dir='ltr'><strong>consecrationem</strong></span> <span class='ocrx_word' id='word_1_46' title='bbox 1251 1065 1380 1147; x_wconf 89' lang='lat' dir='ltr'><strong>accipi·</strong></span> 
     </span>
     <span class='ocr_line' id='line_1_11' title="bbox 434 1164 1380 1249; baseline -0.002 -20"><span class='ocrx_word' id='word_1_47' title='bbox 434 1171 495 1229; x_wconf 87' lang='lat' dir='ltr'><strong>ant</strong></span> <span class='ocrx_word' id='word_1_48' title='bbox 521 1166 752 1249; x_wconf 88' lang='lat' dir='ltr'><strong>abepiscopo</strong></span> <span class='ocrx_word' id='word_1_49' title='bbox 777 1166 822 1229; x_wconf 91' lang='lat' dir='ltr'><strong>ad</strong></span> <span class='ocrx_word' id='word_1_50' title='bbox 846 1184 948 1249; x_wconf 87' lang='lat' dir='ltr'><strong>quem</strong></span> <span class='ocrx_word' id='word_1_51' title='bbox 973 1166 1191 1247; x_wconf 82' lang='lat' dir='ltr'><strong>pertinuerit.</strong></span> <span class='ocrx_word' id='word_1_52' title='bbox 1242 1164 1280 1228; x_wconf 90' lang='lat' dir='ltr'><strong>Si</strong></span> <span class='ocrx_word' id='word_1_53' title='bbox 1301 1164 1380 1247; x_wconf 90' lang='lat' dir='ltr'><strong>quis</strong></span> 
     </span>
     <span class='ocr_line' id='line_1_12' title="bbox 434 1265 1379 1348; baseline -0.003 -20"><span class='ocrx_word' id='word_1_54' title='bbox 434 1271 549 1328; x_wconf 87' lang='lat' dir='ltr'><strong>autem</strong></span> <span class='ocrx_word' id='word_1_55' title='bbox 566 1284 587 1329; x_wconf 90' lang='lat' dir='ltr'><strong>a</strong></span> <span class='ocrx_word' id='word_1_56' title='bbox 600 1265 692 1329; x_wconf 88' lang='lat' dir='ltr'><strong>clero</strong></span> <span class='ocrx_word' id='word_1_57' title='bbox 710 1265 762 1329; x_wconf 91' lang='lat' dir='ltr'><strong>vel</strong></span> <span class='ocrx_word' id='word_1_58' title='bbox 777 1265 918 1348; x_wconf 89' lang='lat' dir='ltr'><strong>populo,</strong></span> <span class='ocrx_word' id='word_1_59' title='bbox 935 1271 1063 1348; x_wconf 88' lang='lat' dir='ltr'><strong>praeter</strong></span> <span class='ocrx_word' id='word_1_60' title='bbox 1076 1284 1255 1328; x_wconf 82' lang='lat' dir='ltr'><strong>assensum</strong></span> <span class='ocrx_word' id='word_1_61' title='bbox 1269 1271 1379 1339; x_wconf 89' lang='lat' dir='ltr'><strong>tuum,</strong></span> 
     </span>
     <span class='ocr_line' id='line_1_13' title="bbox 433 1362 1380 1441; baseline -0.002 -14"><span class='ocrx_word' id='word_1_62' title='bbox 433 1362 565 1428; x_wconf 89' lang='lat' dir='ltr'><strong>electus</strong></span> <span class='ocrx_word' id='word_1_63' title='bbox 590 1364 706 1440; x_wconf 91' lang='lat' dir='ltr'><strong>suerit,</strong></span> <span class='ocrx_word' id='word_1_64' title='bbox 744 1363 812 1428; x_wconf 91' lang='lat' dir='ltr'><strong>nisi</strong></span> <span class='ocrx_word' id='word_1_65' title='bbox 836 1383 858 1428; x_wconf 87' lang='lat' dir='ltr'><strong>a</strong></span> <span class='ocrx_word' id='word_1_66' title='bbox 883 1371 918 1429; x_wconf 88' lang='lat' dir='ltr'><strong>te</strong></span> <span class='ocrx_word' id='word_1_67' title='bbox 952 1365 1170 1441; x_wconf 83' lang='lat' dir='ltr'><strong>investiatur,</strong></span> <span class='ocrx_word' id='word_1_68' title='bbox 1196 1382 1218 1428; x_wconf 88' lang='lat' dir='ltr'><strong>a</strong></span> <span class='ocrx_word' id='word_1_69' title='bbox 1244 1364 1380 1427; x_wconf 90' lang='lat' dir='ltr'><strong>nemine</strong></span> 
     </span>
     <span class='ocr_line' id='line_1_14' title="bbox 434 1463 1379 1547; baseline 0 -22"><span class='ocrx_word' id='word_1_70' title='bbox 434 1471 674 1543; x_wconf 86' lang='lat' dir='ltr'><strong>consecretur3</strong></span> <span class='ocrx_word' id='word_1_71' title='bbox 697 1464 854 1547; x_wconf 86' lang='lat' dir='ltr'><strong>exceptis</strong></span> <span class='ocrx_word' id='word_1_72' title='bbox 868 1464 1030 1528; x_wconf 92' lang='lat' dir='ltr'><strong>nimirum</strong></span> <span class='ocrx_word' id='word_1_73' title='bbox 1046 1463 1116 1527; x_wconf 89' lang='lat' dir='ltr'><strong>illis</strong></span> <span class='ocrx_word' id='word_1_74' title='bbox 1129 1465 1190 1546; x_wconf 87' lang='lat' dir='ltr'><strong>qui</strong></span> <span class='ocrx_word' id='word_1_75' title='bbox 1203 1463 1259 1529; x_wconf 90' lang='lat' dir='ltr'><strong>vel</strong></span> <span class='ocrx_word' id='word_1_76' title='bbox 1273 1464 1311 1526; x_wconf 91' lang='lat' dir='ltr'><strong>in</strong></span> <span class='ocrx_word' id='word_1_77' title='bbox 1324 1482 1379 1525; x_wconf 89' lang='lat' dir='ltr'><strong>ar-</strong></span> 
     </span>
     <span class='ocr_line' id='line_1_15' title="bbox 434 1561 1380 1646; baseline 0.002 -23"><span class='ocrx_word' id='word_1_78' title='bbox 434 1561 792 1646; x_wconf 86' lang='lat' dir='ltr'><strong>chiepiscoporumvel</strong></span> <span class='ocrx_word' id='word_1_79' title='bbox 800 1565 836 1627; x_wconf 91' lang='lat' dir='ltr'><strong>in</strong></span> <span class='ocrx_word' id='word_1_80' title='bbox 846 1562 996 1627; x_wconf 89' lang='lat' dir='ltr'><strong>Romani</strong></span> <span class='ocrx_word' id='word_1_81' title='bbox 1004 1563 1178 1645; x_wconf 87' lang='lat' dir='ltr'><strong>pontilicis</strong></span> <span class='ocrx_word' id='word_1_82' title='bbox 1187 1562 1300 1627; x_wconf 90' lang='lat' dir='ltr'><strong>solent</strong></span> <span class='ocrx_word' id='word_1_83' title='bbox 1309 1562 1380 1625; x_wconf 78' lang='lat' dir='ltr'><strong>dis-</strong></span> 
     </span>
     <span class='ocr_line' id='line_1_16' title="bbox 434 1661 1379 1745; baseline 0.001 -22"><span class='ocrx_word' id='word_1_84' title='bbox 434 1661 605 1743; x_wconf 88' lang='lat' dir='ltr'><strong>positione</strong></span> <span class='ocrx_word' id='word_1_85' title='bbox 620 1662 821 1726; x_wconf 86' lang='lat' dir='ltr'><strong>consistere.</strong></span> <span class='ocrx_word' id='word_1_86' title='bbox 861 1662 954 1726; x_wconf 88' lang='lat' dir='ltr'><strong>Sane</strong></span> <span class='ocrx_word' id='word_1_87' title='bbox 970 1661 1220 1745; x_wconf 88' lang='lat' dir='ltr'><strong>archiepiscopi</strong></span> <span class='ocrx_word' id='word_1_88' title='bbox 1233 1662 1290 1726; x_wconf 90' lang='lat' dir='ltr'><strong>vel</strong></span> <span class='ocrx_word' id='word_1_89' title='bbox 1307 1662 1379 1744; x_wconf 92' lang='lat' dir='ltr'><strong>epi-</strong></span> 
     </span>
     <span class='ocr_line' id='line_1_17' title="bbox 434 1760 1381 1844; baseline 0.002 -21"><span class='ocrx_word' id='word_1_90' title='bbox 434 1760 531 1842; x_wconf 88' lang='lat' dir='ltr'><strong>scopi</strong></span> <span class='ocrx_word' id='word_1_91' title='bbox 547 1760 742 1824; x_wconf 86' lang='lat' dir='ltr'><strong>libertatem</strong></span> <span class='ocrx_word' id='word_1_92' title='bbox 756 1760 909 1826; x_wconf 88' lang='lat' dir='ltr'><strong>habeant</strong></span> <span class='ocrx_word' id='word_1_93' title='bbox 922 1780 944 1825; x_wconf 89' lang='lat' dir='ltr'><strong>a</strong></span> <span class='ocrx_word' id='word_1_94' title='bbox 958 1769 994 1825; x_wconf 83' lang='lat' dir='ltr'><strong>te</strong></span> <span class='ocrx_word' id='word_1_95' title='bbox 1006 1762 1189 1826; x_wconf 86' lang='lat' dir='ltr'><strong>investitos</strong></span> <span class='ocrx_word' id='word_1_96' title='bbox 1199 1762 1381 1844; x_wconf 87' lang='lat' dir='ltr'><strong>episcopos</strong></span> 
     </span>
     <span class='ocr_line' id='line_1_18' title="bbox 435 1858 1382 1944; baseline 0.001 -21"><span class='ocrx_word' id='word_1_97' title='bbox 435 1858 491 1923; x_wconf 90' lang='lat' dir='ltr'><strong>vel</strong></span> <span class='ocrx_word' id='word_1_98' title='bbox 507 1860 650 1923; x_wconf 90' lang='lat' dir='ltr'><strong>abbates</strong></span> <span class='ocrx_word' id='word_1_99' title='bbox 663 1860 830 1924; x_wconf 88' lang='lat' dir='ltr'><strong>canonice</strong></span> <span class='ocrx_word' id='word_1_100' title='bbox 842 1860 1087 1925; x_wconf 89' lang='lat' dir='ltr'><strong>consecrandi:</strong></span> <span class='ocrx_word' id='word_1_101' title='bbox 1110 1861 1382 1944; x_wconf 77' lang='lat' dir='ltr'><strong>praedecessores</strong></span> 
     </span>
     <span class='ocr_line' id='line_1_19' title="bbox 435 1958 1380 2042; baseline 0.003 -22"><span class='ocrx_word' id='word_1_102' title='bbox 435 1958 526 2021; x_wconf 90' lang='lat' dir='ltr'><strong>enim</strong></span> <span class='ocrx_word' id='word_1_103' title='bbox 551 1959 659 2023; x_wconf 90' lang='lat' dir='ltr'><strong>vestri</strong></span> <span class='ocrx_word' id='word_1_104' title='bbox 684 1959 848 2023; x_wconf 88' lang='lat' dir='ltr'><strong>ecclesias</strong></span> <span class='ocrx_word' id='word_1_105' title='bbox 872 1961 971 2042; x_wconf 75' lang='lat' dir='ltr'><strong>regni</strong></span> <span class='ocrx_word' id='word_1_106' title='bbox 994 1960 1049 2024; x_wconf 87' lang='lat' dir='ltr'><strong>sui</strong></span> <span class='ocrx_word' id='word_1_107' title='bbox 1075 1961 1183 2024; x_wconf 91' lang='lat' dir='ltr'><strong>tantis</strong></span> <span class='ocrx_word' id='word_1_108' title='bbox 1211 1960 1380 2042; x_wconf 79' lang='lat' dir='ltr'><strong>regalium</strong></span> 
     </span>
     <span class='ocr_line' id='line_1_20' title="bbox 435 2058 1379 2143; baseline 0.004 -24"><span class='ocrx_word' id='word_1_109' title='bbox 435 2075 576 2121; x_wconf 90' lang='lat' dir='ltr'><strong>suorum</strong></span> <span class='ocrx_word' id='word_1_110' title='bbox 595 2058 770 2122; x_wconf 87' lang='lat' dir='ltr'><strong>beneficiis</strong></span> <span class='ocrx_word' id='word_1_111' title='bbox 793 2060 1015 2143; x_wconf 85' lang='lat' dir='ltr'><strong>ampliarunt,</strong></span> <span class='ocrx_word' id='word_1_112' title='bbox 1034 2067 1074 2123; x_wconf 91' lang='lat' dir='ltr'><strong>ut</strong></span> <span class='ocrx_word' id='word_1_113' title='bbox 1097 2079 1243 2141; x_wconf 80' lang='lat' dir='ltr'><strong>regnum</strong></span> <span class='ocrx_word' id='word_1_114' title='bbox 1265 2058 1379 2142; x_wconf 90' lang='lat' dir='ltr'><strong>ipsum</strong></span> 
     </span>
     <span class='ocr_line' id='line_1_21' title="bbox 437 2148 1381 2240; baseline 0.003 -21"><span class='ocrx_word' id='word_1_115' title='bbox 437 2148 604 2221; x_wconf 85' lang='lat' dir='ltr'><strong>¹maxime</strong></span> <span class='ocrx_word' id='word_1_116' title='bbox 641 2158 881 2240; x_wconf 88' lang='lat' dir='ltr'><strong>episcoporum</strong></span> <span class='ocrx_word' id='word_1_117' title='bbox 918 2159 975 2223; x_wconf 88' lang='lat' dir='ltr'><strong>vel</strong></span> <span class='ocrx_word' id='word_1_118' title='bbox 1009 2159 1174 2224; x_wconf 90' lang='lat' dir='ltr'><strong>abbatum</strong></span> <span class='ocrx_word' id='word_1_119' title='bbox 1210 2158 1381 2240; x_wconf 82' lang='lat' dir='ltr'><strong>praesidiis</strong></span> 
     </span>
     <span class='ocr_line' id='line_1_22' title="bbox 435 2258 1381 2341; baseline 0.002 -21"><span class='ocrx_word' id='word_1_120' title='bbox 435 2263 595 2338; x_wconf 87' lang='lat' dir='ltr'><strong>oporteat</strong></span> <span class='ocrx_word' id='word_1_121' title='bbox 618 2258 833 2335; x_wconf 89' lang='lat' dir='ltr'><strong>communiri,</strong></span> <span class='ocrx_word' id='word_1_122' title='bbox 862 2265 899 2322; x_wconf 88' lang='lat' dir='ltr'><strong>et</strong></span> <span class='ocrx_word' id='word_1_123' title='bbox 927 2258 1113 2341; x_wconf 90' lang='lat' dir='ltr'><strong>populares</strong></span> <span class='ocrx_word' id='word_1_124' title='bbox 1137 2258 1381 2335; x_wconf 88' lang='lat' dir='ltr'><strong>dissensiones,</strong></span> 
     </span>
     <span class='ocr_line' id='line_1_23' title="bbox 435 2355 1381 2442; baseline 0.004 -24"><span class='ocrx_word' id='word_1_125' title='bbox 435 2374 514 2438; x_wconf 89' lang='lat' dir='ltr'><strong>quae</strong></span> <span class='ocrx_word' id='word_1_126' title='bbox 541 2355 578 2420; x_wconf 92' lang='lat' dir='ltr'><strong>in</strong></span> <span class='ocrx_word' id='word_1_127' title='bbox 601 2355 720 2421; x_wconf 88' lang='lat' dir='ltr'><strong>electis</strong></span> <span class='ocrx_word' id='word_1_128' title='bbox 736 2357 896 2421; x_wconf 92' lang='lat' dir='ltr'><strong>omuibus</strong></span> <span class='ocrx_word' id='word_1_129' title='bbox 917 2376 1011 2442; x_wconf 85' lang='lat' dir='ltr'><strong>soepe</strong></span> <span class='ocrx_word' id='word_1_130' title='bbox 1032 2358 1251 2440; x_wconf 76' lang='lat' dir='ltr'><strong>contingunt,</strong></span> <span class='ocrx_word' id='word_1_131' title='bbox 1271 2358 1381 2440; x_wconf 80' lang='lat' dir='ltr'><strong>regali</strong></span> 
     </span>
     <span class='ocr_line' id='line_1_24' title="bbox 434 2455 1379 2542; baseline 0.001 -22"><span class='ocrx_word' id='word_1_132' title='bbox 434 2462 593 2538; x_wconf 88' lang='lat' dir='ltr'><strong>oporteat</strong></span> <span class='ocrx_word' id='word_1_133' title='bbox 608 2455 792 2540; x_wconf 86' lang='lat' dir='ltr'><strong>majestate</strong></span> <span class='ocrx_word' id='word_1_134' title='bbox 813 2458 996 2541; x_wconf 86' lang='lat' dir='ltr'><strong>compesci.</strong></span> <span class='ocrx_word' id='word_1_135' title='bbox 1049 2456 1281 2537; x_wconf 82' lang='lat' dir='ltr'><strong>Quamobrem</strong></span> <span class='ocrx_word' id='word_1_136' title='bbox 1297 2478 1379 2542; x_wconf 92' lang='lat' dir='ltr'><strong>pru·</strong></span> 
     </span>
     <span class='ocr_line' id='line_1_25' title="bbox 433 2554 1378 2639; baseline 0.004 -21"><span class='ocrx_word' id='word_1_137' title='bbox 433 2554 561 2620; x_wconf 88' lang='lat' dir='ltr'><strong>dentiae</strong></span> <span class='ocrx_word' id='word_1_138' title='bbox 584 2563 653 2620; x_wconf 88' lang='lat' dir='ltr'><strong>tuae</strong></span> <span class='ocrx_word' id='word_1_139' title='bbox 669 2564 704 2621; x_wconf 89' lang='lat' dir='ltr'><strong>et</strong></span> <span class='ocrx_word' id='word_1_140' title='bbox 721 2558 887 2639; x_wconf 89' lang='lat' dir='ltr'><strong>potestati</strong></span> <span class='ocrx_word' id='word_1_141' title='bbox 904 2577 987 2623; x_wconf 89' lang='lat' dir='ltr'><strong>cura</strong></span> <span class='ocrx_word' id='word_1_142' title='bbox 1003 2558 1105 2623; x_wconf 88' lang='lat' dir='ltr'><strong>debet</strong></span> <span class='ocrx_word' id='word_1_143' title='bbox 1119 2558 1301 2622; x_wconf 89' lang='lat' dir='ltr'><strong>sollicitius</strong></span> <span class='ocrx_word' id='word_1_144' title='bbox 1314 2559 1378 2622; x_wconf 92' lang='lat' dir='ltr'><strong>im-</strong></span> 
     </span>
     <span class='ocr_line' id='line_1_26' title="bbox 434 2655 1379 2739; baseline 0.005 -22"><span class='ocrx_word' id='word_1_145' title='bbox 434 2656 576 2732; x_wconf 89' lang='lat' dir='ltr'><strong>minere,</strong></span> <span class='ocrx_word' id='word_1_146' title='bbox 601 2663 641 2719; x_wconf 92' lang='lat' dir='ltr'><strong>ut</strong></span> <span class='ocrx_word' id='word_1_147' title='bbox 659 2655 829 2720; x_wconf 85' lang='lat' dir='ltr'><strong>Romanae</strong></span> <span class='ocrx_word' id='word_1_148' title='bbox 853 2657 1007 2722; x_wconf 89' lang='lat' dir='ltr'><strong>ecclesiae</strong></span> <span class='ocrx_word' id='word_1_149' title='bbox 1030 2658 1247 2739; x_wconf 81' lang='lat' dir='ltr'><strong>magnitudo,</strong></span> <span class='ocrx_word' id='word_1_150' title='bbox 1260 2663 1296 2721; x_wconf 94' lang='lat' dir='ltr'><strong>et</strong></span> <span class='ocrx_word' id='word_1_151' title='bbox 1311 2677 1379 2722; x_wconf 84' lang='lat' dir='ltr'><strong>cae·</strong></span> 
     </span>
     <span class='ocr_line' id='line_1_27' title="bbox 433 2755 1378 2840; baseline 0.002 -22"><span class='ocrx_word' id='word_1_152' title='bbox 433 2761 586 2819; x_wconf 89' lang='lat' dir='ltr'><strong>terarum</strong></span> <span class='ocrx_word' id='word_1_153' title='bbox 601 2755 708 2833; x_wconf 84' lang='lat' dir='ltr'><strong>salue,</strong></span> <span class='ocrx_word' id='word_1_154' title='bbox 725 2757 808 2835; x_wconf 91' lang='lat' dir='ltr'><strong>tuis,</strong></span> <span class='ocrx_word' id='word_1_155' title='bbox 824 2757 974 2821; x_wconf 87' lang='lat' dir='ltr'><strong>Domino</strong></span> <span class='ocrx_word' id='word_1_156' title='bbox 990 2764 1191 2840; x_wconf 88' lang='lat' dir='ltr'><strong>praestante,</strong></span> <span class='ocrx_word' id='word_1_157' title='bbox 1205 2757 1378 2821; x_wconf 85' lang='lat' dir='ltr'><strong>beneficiis</strong></span> 
     </span>
     <span class='ocr_line' id='line_1_28' title="bbox 434 2850 1379 2940; baseline 0.004 -23"><span class='ocrx_word' id='word_1_158' title='bbox 434 2861 469 2918; x_wconf 89' lang='lat' dir='ltr'><strong>et</strong></span> <span class='ocrx_word' id='word_1_159' title='bbox 495 2854 646 2919; x_wconf 89' lang='lat' dir='ltr'><strong>servitiis</strong></span> <span class='ocrx_word' id='word_1_160' title='bbox 669 2860 902 2922; x_wconf 87' lang='lat' dir='ltr'><strong>conservetur.</strong></span> <span class='ocrx_word' id='word_1_161' title='bbox 968 2857 1006 2921; x_wconf 92' lang='lat' dir='ltr'><strong>Si</strong></span> <span class='ocrx_word' id='word_1_162' title='bbox 1028 2877 1099 2940; x_wconf 90' lang='lat' dir='ltr'><strong>qua</strong></span> <span class='ocrx_word' id='word_1_163' title='bbox 1114 2850 1216 2939; x_wconf 73' lang='lat' dir='ltr'><strong>²ergo</strong></span> <span class='ocrx_word' id='word_1_164' title='bbox 1239 2857 1379 2921; x_wconf 86' lang='lat' dir='ltr'><strong>ecelesi-</strong></span> 
     </span>
     <span class='ocr_line' id='line_1_29' title="bbox 433 2953 1379 3037; baseline 0.004 -21"><span class='ocrx_word' id='word_1_165' title='bbox 433 2953 543 3017; x_wconf 86' lang='lat' dir='ltr'><strong>astica</strong></span> <span class='ocrx_word' id='word_1_166' title='bbox 559 2953 616 3017; x_wconf 89' lang='lat' dir='ltr'><strong>vel</strong></span> <span class='ocrx_word' id='word_1_167' title='bbox 632 2955 799 3018; x_wconf 89' lang='lat' dir='ltr'><strong>secularis</strong></span> <span class='ocrx_word' id='word_1_168' title='bbox 814 2975 973 3037; x_wconf 87' lang='lat' dir='ltr'><strong>persona,</strong></span> <span class='ocrx_word' id='word_1_169' title='bbox 993 2957 1082 3021; x_wconf 91' lang='lat' dir='ltr'><strong>hanc</strong></span> <span class='ocrx_word' id='word_1_170' title='bbox 1096 2963 1223 3021; x_wconf 87' lang='lat' dir='ltr'><strong>nostrae</strong></span> <span class='ocrx_word' id='word_1_171' title='bbox 1238 2975 1379 3021; x_wconf 88' lang='lat' dir='ltr'><strong>conces-</strong></span> 
     </span>
     <span class='ocr_line' id='line_1_30' title="bbox 432 3051 1379 3134; baseline 0.005 -19"><span class='ocrx_word' id='word_1_172' title='bbox 432 3051 539 3116; x_wconf 89' lang='lat' dir='ltr'><strong>sionis</strong></span> <span class='ocrx_word' id='word_1_173' title='bbox 553 3051 717 3134; x_wconf 81' lang='lat' dir='ltr'><strong>paginam</strong></span> <span class='ocrx_word' id='word_1_174' title='bbox 733 3055 856 3131; x_wconf 89' lang='lat' dir='ltr'><strong>sciens,</strong></span> <span class='ocrx_word' id='word_1_175' title='bbox 867 3063 989 3121; x_wconf 88' lang='lat' dir='ltr'><strong>contra</strong></span> <span class='ocrx_word' id='word_1_176' title='bbox 1003 3076 1080 3121; x_wconf 91' lang='lat' dir='ltr'><strong>eam</strong></span> <span class='ocrx_word' id='word_1_177' title='bbox 1095 3057 1276 3121; x_wconf 88' lang='lat' dir='ltr'><strong>temerario</strong></span> <span class='ocrx_word' id='word_1_178' title='bbox 1291 3075 1379 3120; x_wconf 89' lang='lat' dir='ltr'><strong>ausu</strong></span> 
     </span>
     <span class='ocr_line' id='line_1_31' title="bbox 432 3151 1379 3233; baseline 0.004 -18"><span class='ocrx_word' id='word_1_179' title='bbox 432 3151 550 3215; x_wconf 89' lang='lat' dir='ltr'><strong>venire</strong></span> <span class='ocrx_word' id='word_1_180' title='bbox 566 3154 766 3231; x_wconf 89' lang='lat' dir='ltr'><strong>tentaverit,</strong></span> <span class='ocrx_word' id='word_1_181' title='bbox 783 3155 1015 3220; x_wconf 88' lang='lat' dir='ltr'><strong>anathematis</strong></span> <span class='ocrx_word' id='word_1_182' title='bbox 1028 3155 1180 3233; x_wconf 90' lang='lat' dir='ltr'><strong>vinculo,</strong></span> <span class='ocrx_word' id='word_1_183' title='bbox 1204 3156 1271 3220; x_wconf 87' lang='lat' dir='ltr'><strong>nisi</strong></span> <span class='ocrx_word' id='word_1_184' title='bbox 1293 3157 1379 3220; x_wconf 87' lang='lat' dir='ltr'><strong>resi·</strong></span> 
     </span>
     <span class='ocr_line' id='line_1_32' title="bbox 432 3251 1379 3337; baseline 0.006 -25"><span class='ocrx_word' id='word_1_185' title='bbox 432 3251 557 3333; x_wconf 85' lang='lat' dir='ltr'><strong>puerit,</strong></span> <span class='ocrx_word' id='word_1_186' title='bbox 581 3251 778 3331; x_wconf 87' lang='lat' dir='ltr'><strong>innodetur,</strong></span> <span class='ocrx_word' id='word_1_187' title='bbox 807 3254 1015 3337; x_wconf 90' lang='lat' dir='ltr'><strong>honorisque</strong></span> <span class='ocrx_word' id='word_1_188' title='bbox 1039 3275 1081 3320; x_wconf 89' lang='lat' dir='ltr'><strong>ac</strong></span> <span class='ocrx_word' id='word_1_189' title='bbox 1102 3253 1283 3337; x_wconf 86' lang='lat' dir='ltr'><strong>dignitatis</strong></span> <span class='ocrx_word' id='word_1_190' title='bbox 1307 3275 1379 3319; x_wconf 88' lang='lat' dir='ltr'><strong>suae</strong></span> 
     </span>
     <span class='ocr_line' id='line_1_33' title="bbox 431 3350 1381 3435; baseline 0.008 -23"><span class='ocrx_word' id='word_1_191' title='bbox 431 3350 622 3432; x_wconf 90' lang='lat' dir='ltr'><strong>periculum</strong></span> <span class='ocrx_word' id='word_1_192' title='bbox 634 3353 808 3435; x_wconf 81' lang='lat' dir='ltr'><strong>patiatur3</strong></span> <span class='ocrx_word' id='word_1_193' title='bbox 824 3355 1048 3420; x_wconf 88' lang='lat' dir='ltr'><strong>observantes</strong></span> <span class='ocrx_word' id='word_1_194' title='bbox 1064 3361 1181 3420; x_wconf 88' lang='lat' dir='ltr'><strong>autem</strong></span> <span class='ocrx_word' id='word_1_195' title='bbox 1191 3354 1266 3419; x_wconf 88' lang='lat' dir='ltr'><strong>haec</strong></span> <span class='ocrx_word' id='word_1_196' title='bbox 1279 3357 1381 3420; x_wconf 90' lang='lat' dir='ltr'><strong>mise-</strong></span> 
     </span>
     <span class='ocr_line' id='line_1_34' title="bbox 431 3451 1380 3538; baseline 0.005 -24"><span class='ocrx_word' id='word_1_197' title='bbox 431 3451 581 3515; x_wconf 87' lang='lat' dir='ltr'><strong>ricordia</strong></span> <span class='ocrx_word' id='word_1_198' title='bbox 605 3452 724 3517; x_wconf 90' lang='lat' dir='ltr'><strong>divina</strong></span> <span class='ocrx_word' id='word_1_199' title='bbox 748 3453 935 3533; x_wconf 89' lang='lat' dir='ltr'><strong>custodiat,</strong></span> <span class='ocrx_word' id='word_1_200' title='bbox 960 3462 996 3528; x_wconf 89' lang='lat' dir='ltr'><strong>et</strong></span> <span class='ocrx_word' id='word_1_201' title='bbox 1020 3474 1203 3538; x_wconf 87' lang='lat' dir='ltr'><strong>personam</strong></span> <span class='ocrx_word' id='word_1_202' title='bbox 1226 3461 1380 3536; x_wconf 89' lang='lat' dir='ltr'><strong>potesta-</strong></span> 
     </span>
     <span class='ocr_line' id='line_1_35' title="bbox 432 3552 1381 3637; baseline 0.006 -23"><span class='ocrx_word' id='word_1_203' title='bbox 432 3557 571 3634; x_wconf 91' lang='lat' dir='ltr'><strong>temque</strong></span> <span class='ocrx_word' id='word_1_204' title='bbox 588 3559 686 3616; x_wconf 86' lang='lat' dir='ltr'><strong>tuam</strong></span> <span class='ocrx_word' id='word_1_205' title='bbox 709 3553 753 3616; x_wconf 88' lang='lat' dir='ltr'><strong>ad</strong></span> <span class='ocrx_word' id='word_1_206' title='bbox 776 3552 941 3618; x_wconf 87' lang='lat' dir='ltr'><strong>honorem</strong></span> <span class='ocrx_word' id='word_1_207' title='bbox 964 3574 1063 3618; x_wconf 88' lang='lat' dir='ltr'><strong>suum</strong></span> <span class='ocrx_word' id='word_1_208' title='bbox 1084 3561 1120 3619; x_wconf 90' lang='lat' dir='ltr'><strong>et</strong></span> <span class='ocrx_word' id='word_1_209' title='bbox 1142 3553 1289 3637; x_wconf 81' lang='lat' dir='ltr'><strong>gloriam</strong></span> <span class='ocrx_word' id='word_1_210' title='bbox 1305 3554 1381 3620; x_wconf 84' lang='lat' dir='ltr'><strong>seli-</strong></span> 
     </span>
     <span class='ocr_line' id='line_1_36' title="bbox 431 3650 905 3734; baseline 0.008 -21"><span class='ocrx_word' id='word_1_211' title='bbox 431 3650 518 3714; x_wconf 89' lang='lat' dir='ltr'><strong>citer</strong></span> <span class='ocrx_word' id='word_1_212' title='bbox 531 3651 699 3734; x_wconf 88' lang='lat' dir='ltr'><strong>imperare</strong></span> <span class='ocrx_word' id='word_1_213' title='bbox 714 3653 905 3717; x_wconf 65' lang='lat' dir='ltr'><strong>concedat!</strong></span> 
     </span>
    </p>

    <p class='ocr_par' dir='ltr' id='par_1_6' title="bbox 431 3749 1381 4037">
     <span class='ocr_line' id='line_1_37' title="bbox 484 3749 1381 3836; baseline 0.004 -23"><span class='ocrx_word' id='word_1_214' title='bbox 484 3749 604 3832; x_wconf 67' lang='lat' dir='ltr'><strong>§ctas</strong></span> <span class='ocrx_word' id='word_1_215' title='bbox 633 3750 783 3816; x_wconf 87' lang='lat' dir='ltr'><strong>Peracto</strong></span> <span class='ocrx_word' id='word_1_216' title='bbox 809 3753 928 3834; x_wconf 88' lang='lat' dir='ltr'><strong>itaque</strong></span> <span class='ocrx_word' id='word_1_217' title='bbox 955 3759 1030 3821; x_wconf 83' lang='lat' dir='ltr'><strong>toto</strong></span> <span class='ocrx_word' id='word_1_218' title='bbox 1061 3753 1171 3836; x_wconf 87' lang='lat' dir='ltr'><strong>ipsius</strong></span> <span class='ocrx_word' id='word_1_219' title='bbox 1199 3773 1381 3818; x_wconf 79' lang='lat' dir='ltr'><strong>consecra·</strong></span> 
     </span>
     <span class='ocr_line' id='line_1_38' title="bbox 431 3847 1380 3936; baseline 0.005 -25"><span class='ocrx_word' id='word_1_220' title='bbox 431 3847 536 3912; x_wconf 91' lang='lat' dir='ltr'><strong>tionis</strong></span> <span class='ocrx_word' id='word_1_221' title='bbox 548 3847 670 3930; x_wconf 90' lang='lat' dir='ltr'><strong>officio,</strong></span> <span class='ocrx_word' id='word_1_222' title='bbox 685 3850 897 3933; x_wconf 88' lang='lat' dir='ltr'><strong>apostolicus</strong></span> <span class='ocrx_word' id='word_1_223' title='bbox 920 3860 955 3916; x_wconf 89' lang='lat' dir='ltr'><strong>et</strong></span> <span class='ocrx_word' id='word_1_224' title='bbox 977 3852 1177 3936; x_wconf 89' lang='lat' dir='ltr'><strong>imperator,</strong></span> <span class='ocrx_word' id='word_1_225' title='bbox 1191 3853 1380 3936; x_wconf 87' lang='lat' dir='ltr'><strong>complexis</strong></span> 
     </span>
     <span class='ocr_line' id='line_1_39' title="bbox 431 3947 1379 4037; baseline 0.005 -26"><span class='ocrx_word' id='word_1_226' title='bbox 431 3947 578 4013; x_wconf 91' lang='lat' dir='ltr'><strong>invicem</strong></span> <span class='ocrx_word' id='word_1_227' title='bbox 606 3949 752 4029; x_wconf 83' lang='lat' dir='ltr'><strong>dextris,</strong></span> <span class='ocrx_word' id='word_1_228' title='bbox 774 3951 913 4016; x_wconf 89' lang='lat' dir='ltr'><strong>iverunt</strong></span> <span class='ocrx_word' id='word_1_229' title='bbox 935 3971 1013 4016; x_wconf 89' lang='lat' dir='ltr'><strong>cum</strong></span> <span class='ocrx_word' id='word_1_230' title='bbox 1035 3953 1163 4017; x_wconf 86' lang='lat' dir='ltr'><strong>celebri</strong></span> <span class='ocrx_word' id='word_1_231' title='bbox 1185 3972 1314 4037; x_wconf 87' lang='lat' dir='ltr'><strong>pompa</strong></span> <span class='ocrx_word' id='word_1_232' title='bbox 1335 3953 1379 4016; x_wconf 89' lang='lat' dir='ltr'><strong>ad</strong></span> 
     </span>
    </p>
   </div>
   <div class='ocr_carea' id='block_1_6' title="bbox 430 4223 1379 4360">
    <p class='ocr_par' dir='ltr' id='par_1_7' title="bbox 430 4223 1379 4360">
     <span class='ocr_line' id='line_1_40' title="bbox 465 4223 1379 4298; baseline 0.012 -23"><span class='ocrx_word' id='word_1_233' title='bbox 465 4223 620 4291; x_wconf 60' lang='lat' dir='ltr'><strong>wasme]</strong></span> <span class='ocrx_word' id='word_1_234' title='bbox 638 4229 671 4280; x_wconf 76' lang='lat' dir='ltr'><strong>n.</strong></span> <span class='ocrx_word' id='word_1_235' title='bbox 690 4230 719 4279; x_wconf 87' lang='lat' dir='ltr'><strong>s.</strong></span> <span class='ocrx_word' id='word_1_236' title='bbox 738 4233 769 4284; x_wconf 88' lang='lat' dir='ltr'><strong>c.</strong></span> <span class='ocrx_word' id='word_1_237' title='bbox 786 4232 821 4283; x_wconf 88' lang='lat' dir='ltr'><strong>n.</strong></span> <span class='ocrx_word' id='word_1_238' title='bbox 834 4235 891 4284; x_wconf 81' lang='lat' dir='ltr'><strong>sa.</strong></span> <span class='ocrx_word' id='word_1_239' title='bbox 954 4229 1066 4297; x_wconf 57' lang='lat' dir='ltr'><strong>mage]</strong></span> <span class='ocrx_word' id='word_1_240' title='bbox 1080 4234 1249 4298; x_wconf 71' lang='lat' dir='ltr'><strong>s1.;ipur,</strong></span> <span class='ocrx_word' id='word_1_241' title='bbox 1259 4233 1293 4285; x_wconf 75' lang='grc' dir='ltr'><strong>Δ.</strong></span> <span class='ocrx_word' id='word_1_242' title='bbox 1307 4235 1335 4286; x_wconf 82' lang='lat' dir='ltr'><strong>s</strong></span> <span class='ocrx_word' id='word_1_243' title='bbox 1350 4237 1379 4286; x_wconf 90' lang='lat' dir='ltr'><strong>c.</strong></span> 
     </span>
     <span class='ocr_line' id='line_1_41' title="bbox 430 4298 1087 4360; baseline 0.011 -14"><span class='ocrx_word' id='word_1_244' title='bbox 430 4298 728 4360; x_wconf 73' lang='lat' dir='ltr'><strong>na.;0maeuus1.</strong></span> <span class='ocrx_word' id='word_1_245' title='bbox 917 4304 953 4354; x_wconf 90' lang='lat' dir='ltr'><strong>n.</strong></span> <span class='ocrx_word' id='word_1_246' title='bbox 966 4302 1087 4354; x_wconf 63' lang='lat' dir='ltr'><strong>saue.</strong></span> 
     </span>
    </p>
   </div>
   <div class='ocr_carea' id='block_1_7' title="bbox 0 0 1576 5025">
    <p class='ocr_par' dir='ltr' id='par_1_8' title="bbox 0 0 1576 5025">
     <span class='ocr_line' id='line_1_42' title="bbox 0 0 1576 5025; baseline 0 0"><span class='ocrx_word' id='word_1_247' title='bbox 0 0 1576 5025; x_wconf 95' lang='lat' dir='ltr'><strong> </strong></span> 
     </span>
    </p>
   </div>
  </div>
 </body>
</html>
