3142 5025
203 514 357 593 maru]
433 529 545 578 casm
570 531 697 578 aucun
721 531 936 578 Anchoaun.
1088 515 1154 578 503

203 696 238 752 et
252 697 433 754 ventorum
455 690 672 754 clementiam
690 691 875 773 operiatur.
928 659 1085 771 ‘Atqui,'
1100 693 1153 754 in-

203 789 279 870 quit
301 809 376 867 rex,
398 795 600 872 ‘nunquam
618 791 735 854 audivi
758 810 873 871 regem
896 789 1079 870 naufragio
1100 791 1152 853 in-

202 889 349 952 teriisse.
402 888 497 968 Quin
511 889 627 972 potius
643 890 767 954 solvite
790 889 982 952 retinacula
999 889 1151 966 navium,

201 988 361 1052 videbitis
385 988 555 1052 elementa
575 988 649 1071 jam
673 989 873 1071 conspirata
891 989 927 1051 in
953 1008 1067 1051 meum
1090 990 1151 1052 ob-

203 1087 383 1169 sequium.'
436 1087 550 1160 Ponto
574 1088 734 1164 transito,
760 1088 970 1163 obsessores,
986 1087 1061 1170 ejus
1088 1105 1150 1150 au·

203 1184 277 1249 dita
301 1186 406 1263 fama,
430 1186 614 1251 dissiliunt.
666 1185 802 1250 Auctor
816 1189 1007 1264 turbarum,
1026 1186 1151 1250 Helias

204 1285 357 1366 quidam,
381 1287 536 1368 capitur;
559 1287 615 1351 cui
638 1293 719 1349 ante
742 1305 779 1349 se
804 1286 954 1350 adducto
974 1306 1036 1349 rex
1061 1286 1149 1349 ludi-

203 1385 350 1462 bundus,
370 1384 519 1449 ‘Habeo
541 1392 588 1464 te,
603 1386 769 1467 magister
781 1385 802 1450 l'
819 1380 937 1450 ¹dixit.
987 1379 1052 1450 ²At
1065 1405 1150 1449 vero

204 1483 297 1547 illius
313 1484 386 1548 alta
410 1484 584 1562 nobilitas
600 1505 677 1568 quae
694 1486 843 1549 nesciret
867 1486 903 1547 in
923 1491 1022 1548 tauto
1046 1485 1151 1548 etiam

202 1583 355 1665 periculo
381 1577 541 1647 ³humilia
564 1603 698 1666 sapere,
725 1583 868 1647 humilia
891 1583 1009 1666 loqui:
1043 1583 1150 1647 ‘For-

205 1681 321 1760 tuitu,’
350 1683 475 1765 inquit,
498 1689 575 1746 ‘me
597 1683 739 1765 cepisti;
769 1683 829 1746 sed
855 1683 885 1745 si
909 1702 1046 1765 possem
1070 1702 1150 1746 eva-

203 1781 295 1859 dere,
316 1783 398 1846 novi
422 1782 504 1864 quid
526 1782 698 1846 facerem.'
749 1781 839 1846 Tum
854 1782 1063 1858 Willelmus,
1076 1801 1149 1863 prae

203 1879 317 1944 furore
332 1881 402 1945 fere
417 1889 519 1945 extra
535 1901 573 1944 se
594 1881 740 1964 posituS,
751 1888 786 1944 et
802 1883 979 1946 obuncans
996 1880 1149 1957 Heliam,

203 1979 303 2058 ‘Tu,'
315 1981 617 2063 inquit,‘nehulo!
634 1988 685 2057 tu,
700 1981 782 2062 quid
799 1981 955 2045 facerest
988 1980 1149 2056 Discede,

204 2080 273 2156 abi,
298 2069 401 2161 fuge!
440 2081 591 2145 concedo
616 2081 680 2143 tibi
704 2087 743 2143 ut
769 2080 877 2144 iacias
900 2079 1062 2164 quicquid
1088 2099 1150 2161 po-

203 2179 307 2248 teris:
331 2187 378 2256 et,
394 2199 456 2262 per
469 2180 603 2243 vultum
625 2179 668 2243 de
685 2178 800 2243 Luca!
826 2179 923 2256 nihil,
943 2180 973 2242 si
988 2199 1043 2242 me
1057 2179 1149 2243 vice-

202 2279 261 2354 ris,
287 2299 351 2361 pro
376 2279 441 2343 hac
467 2279 570 2343 venia
585 2285 698 2342 tecum
716 2279 895 2361 paciscar.'
945 2272 1041 2341 ⁴Nec
1065 2276 1151 2340 infe·
1252 2366 1254 2370 Α

203 2377 275 2440 rius
297 2377 427 2442 sactum
442 2379 547 2442 verbo
564 2378 642 2455 fuit,
660 2377 720 2441 sed
744 2379 907 2440 continuo
923 2377 1053 2441 dimisit
1068 2395 1149 2440 eva·

203 2476 295 2555 dere,
311 2478 455 2542 miratus
473 2478 594 2560 potius
616 2496 720 2560 quam
742 2478 931 2541 insectatus
950 2476 1148 2559 fugientem.

206 2576 294 2656 Quis
310 2578 396 2642 talia
411 2578 453 2641 de
467 2577 632 2642 illiterato
649 2578 786 2641 homine
802 2577 978 2641 crederetl
1020 2576 1066 2640 Et
1080 2575 1150 2639 for-

204 2678 308 2741 tassis
335 2678 402 2741 erit
429 2677 554 2759 aliquis
582 2678 653 2759 qui,
677 2672 880 2739 ⁵Lucanum
906 2676 1038 2757 legens,
1061 2675 1150 2738 falso

205 2777 365 2859 opinetur
379 2777 594 2841 Willelmum
615 2777 689 2840 haec
713 2776 874 2858 exempla
893 2776 935 2839 de
952 2775 1050 2840 Julio
1073 2773 1150 2837 Cae-

203 2894 281 2939 sare
303 2883 500 2940 mutuatum
527 2895 625 2940 esse:
664 2876 724 2939 sed
754 2895 825 2939 non
851 2882 927 2939 erat
952 2875 984 2938 ei
1015 2880 1151 2938 tantum

204 2976 310 3039 studii
326 2976 382 3040 vel
403 2976 466 3039 otii
488 2982 528 3039 ut
550 2975 670 3039 literas
693 2994 847 3058 unquam
869 2974 1023 3052 audiret3
1046 2974 1151 3036 immo

203 3076 298 3138 calor
324 3068 466 3138 ⁶mentis
491 3075 678 3156 ingenitus
703 3082 739 3139 ct
765 3074 903 3138 conscia
926 3074 1050 3149 virtue,
1073 3092 1151 3135 eum

203 3174 288 3238 talia
302 3174 494 3256 exprimere
509 3175 693 3256 cogebant.
746 3174 793 3238 Et
806 3172 974 3256 profecto,
991 3172 1021 3235 si
1031 3172 1151 3236 Chris·

202 3273 345 3337 tianitas
367 3280 486 3337 nostra
508 3280 698 3356 pateretur,
725 3273 817 3336 sicut
839 3273 921 3337 olim
948 3272 1064 3336 anima
1081 3272 1151 3333 Eu-

202 3370 303 3437 forbii
319 3374 485 3437 transisse
499 3373 592 3436 dicta
606 3380 660 3437 est
675 3374 711 3436 in
730 3372 970 3456 Pythagoram
986 3371 1148 3444 Samium,

239 3674 247 3707 ¹
260 3678 359 3742 Dixit]
376 3678 410 3728 Α.
424 3680 454 3728 C.
466 3679 501 3729 D.
513 3680 546 3728 E.
558 3679 589 3728 L.
600 3695 607 3737 ;
628 3679 665 3726 in-
690 3678 785 3727 Robert
797 3680 829 3727 de
841 3678 955 3727 Belldme
972 3680 998 3726 in
1010 3682 1083 3738 1098,
1102 3680 1152 3727 aad

203 3747 267 3809 quit,
278 3748 308 3797 S.
690 3748 820 3797 delivered
836 3749 888 3796 into
906 3747 949 3796 the
966 3748 1050 3810 hing’e
1061 3748 1154 3809 hands,

239 3812 363 3865 'Atuero
381 3816 451 3866 illius
471 3818 522 3865 altu
541 3816 666 3877 nobilitas,
690 3818 833 3879 purchased
845 3818 885 3866 hie
895 3817 986 3877 liberty
995 3817 1054 3877 only
1065 3818 1099 3877 by
1110 3818 1152 3865 the

202 3902 255 3949 quoe
273 3887 398 3951 nesciret]
415 3887 449 3937 A.
467 3887 502 3936 D.
520 3888 552 3935 Ε.
574 3886 623 3945 L.;
640 3891 667 3935 at
691 3887 825 3936 surrender
835 3887 865 3935 oi
872 3886 915 3935 the
927 3888 978 3947 city
989 3887 1019 3935 oi
1026 3888 1112 3948 Mans,
1123 3902 1153 3935 as

204 3956 256 4017 ille,
267 3958 343 4019 cujus
354 3958 407 4005 alta
418 3950 537 4006 nobilitas
548 3956 667 4016 nesciret,
690 3958 799 4006 teetilied
810 3959 845 4017 by
856 3956 994 4005 Ordericus
1005 3957 1107 4005 vitalis.

206 4026 398 4157 &acimum
415 4094 448 4144 A.
465 4097 494 4145 C.
514 4096 546 4144 D·
566 4096 598 4145 E·
618 4094 667 4143 Lu·
725 4055 893 4121 Uarenum]
910 4057 1054 4119 Pharsalia,
1064 4058 1109 4108 lib.
1123 4072 1153 4107 ιι.

203 4166 344 4213 omittere
356 4165 384 4213 r.
660 4129 668 4154 '
692 4131 757 4188 ⁵¹⁵³
774 4141 798 4177 V·
811 4132 868 4177 ⁵⁸⁰·

239 4232 314 4283 ⁴Ner
338 4233 564 4295 ...fugientem.]
589 4231 667 4281 Helie
727 4226 911 4291 tueamur.
924 4229 952 4280 S.
964 4230 994 4280 C.
1005 4229 1153 4289 D.E2.L.;

205 4309 284 4353 comte
296 4305 328 4352 de
340 4304 437 4364 Maine,
447 4304 523 4365 being
541 4303 617 4352 taken
634 4304 667 4363 hy
692 4299 796 4347 omitted
808 4300 833 4346 in
845 4299 901 4347 El.

964 4390 1033 4433 2t2
