3142 5025
239 2029 313 2078 fleury
321 2029 340 2068 ἰι

238 2079 343 2128 knlglrted
354 2080 382 2129 by

398 545 464 611 616
614 561 728 609 cmm
751 560 878 608 ancon
902 558 1117 607 ANGLoRUM.
1214 543 1300 624 [ms.
1317 559 1350 604 v.

1340 717 1350 744 5

399 716 536 800 losophi
560 723 757 798 regnarent,
780 716 838 779 vel
868 734 968 796 reges
998 713 1337 797 philosopharentur.

403 815 630 898 Philosophia
653 835 735 897 ergo
764 835 834 878 non
858 814 944 877 adeo
967 814 1104 876 exiliter
1128 813 1348 893 informatus

402 915 531 980 sensim
544 915 698 978 discebat
712 922 752 978 ut
765 933 928 977 successu
939 913 1103 994 temporis
1117 913 1348 994 provinciales

402 1016 521 1079 mitius
547 1015 750 1092 contineret,
775 1013 902 1077 milites
924 1012 1060 1076 nonnisi
1085 1012 1347 1094 diligentissime

387 1115 586 1197 explorata
598 1114 805 1177 necessitate
820 1112 1032 1195 committere
1048 1112 1187 1176 sineret.
1223 1113 1348 1197 Itaque

402 1215 586 1298 pueritiam
610 1213 654 1277 ad
679 1233 776 1296 spem
797 1213 896 1294 regni
914 1211 1024 1275 literis
1046 1211 1243 1293 muniebat;
1267 1216 1349 1278 sub-

401 1312 493 1390 inde,
506 1321 606 1397 patre
618 1332 754 1395 quoque
765 1313 938 1388 audiente,
949 1309 1114 1394 jactitare
1128 1314 1349 1393 proverbium

401 1412 537 1490 solitus,
553 1419 563 1447 ‘
577 1412 658 1476 Rex
671 1412 866 1488 illiteratus
884 1412 1002 1474 asinus
1019 1410 1229 1474 coronatus'
1281 1413 1347 1477 Fe-

400 1520 482 1576 runt
510 1512 699 1594 quinetiam
737 1511 928 1592 genitorem
963 1529 1033 1573 non
1070 1517 1347 1592 praetereuntem,

401 1618 523 1674 notata
538 1630 670 1674 morum
692 1610 767 1693 ejus
789 1609 1036 1691 compositione
1049 1609 1173 1690 quibus
1191 1611 1346 1677 vivacem

401 1711 621 1794 prudentiam
643 1710 763 1785 aleret,
778 1710 823 1773 ab
835 1727 905 1772 uno
927 1707 1072 1771 fratrum
1095 1708 1228 1787 laesum,
1245 1718 1281 1774 et
1294 1711 1347 1774 la·

402 1809 638 1892 chrymantem
661 1808 715 1872 his
739 1809 923 1885 animasse,
948 1806 1030 1871 ‘Ne
1053 1806 1150 1886 fleas,
1174 1809 1235 1886 fili,
1260 1830 1345 1892 quo-

402 1909 495 1972 niam
509 1916 545 1973 et
558 1916 597 1972 tu
611 1928 673 1972 rex
685 1908 778 1971 eris’

448 2007 553 2091 5391.
563 2002 751 2074 ¹Vicesimo
765 2028 848 2089 ergo
862 2008 973 2090 primo
984 2006 1083 2088 regni
1096 2007 1231 2089 paterni
1242 2027 1345 2087 anno,
1398 2061 1399 2064 ,

239 2129 358 2178 rumne,
401 2109 517 2172 etatis
546 2127 620 2171 suae
647 2107 908 2184 nonodecimo,
936 2107 973 2169 in
1004 2105 1223 2184 Pentecoste,
1252 2110 1345 2190 apud

240 2180 290 2219 24th
299 2179 350 2228 May

239 2207 363 2270 annoni
400 2207 749 2272 westmonasterium
778 2209 926 2290 sumpsit
951 2224 1048 2269 arma
1079 2224 1101 2268 a
1125 2211 1236 2287 patre,
1267 2227 1345 2272 cum

400 2327 470 2389 quo
487 2314 570 2371 tunc
587 2306 839 2371 Normanniam
859 2305 1042 2386 navigans,
1056 2325 1126 2368 non
1141 2305 1250 2370 multo
1266 2315 1347 2390 post

399 2426 553 2490 praesens
574 2407 686 2470 funeri
705 2406 780 2490 ejus
800 2407 924 2483 astitit,
940 2404 1074 2468 caeteris
1095 2404 1345 2489 fratribusque

400 2526 570 2591 quemque
590 2527 670 2589 spes
687 2505 816 2571 tulerat
835 2503 990 2588 dilapsis,
1003 2510 1043 2567 ut
1056 2505 1212 2587 superior
1232 2526 1345 2572 sermo

400 2626 469 2670 non
494 2607 654 2671 occuluit.
706 2606 928 2688 Quapropter
942 2611 1088 2687 paterna
1109 2605 1344 2671 benedictione

398 2713 435 2769 et
464 2714 620 2770 materna
655 2705 868 2781 haereditate,
898 2703 1000 2767 simul
1032 2710 1069 2766 et
1097 2702 1345 2785 multiplicibus

399 2803 571 2869 thesauris
583 2800 715 2882 'nixus
731 2804 952 2887 supercilium
964 2821 1204 2884 germanorum
1220 2823 1343 2885 parum

398 2903 560 2982 iaciebat,
580 2906 718 2987 utrique
732 2904 788 2968 vel
811 2905 977 2967 assistens
994 2901 1047 2967 vel
1070 2902 1258 2967 adversans
1280 2924 1344 2985 pro

398 3002 541 3068 merito:
565 3003 761 3067 inclinatior
785 3023 889 3085 porro
917 3002 1071 3066 Roberto
1095 3022 1158 3083 pro
1182 3022 1342 3068 mansue-

398 3100 529 3178 tudine,
545 3102 621 3185 ejus
636 3102 816 3167 lenitatem
837 3123 901 3167 suo
923 3103 1038 3184 rigore
1060 3103 1244 3183 satagebat
1260 3122 1344 3167 acu-

397 3219 465 3264 ere.
533 3200 675 3279 Contra,
703 3203 773 3281 ille,
804 3203 911 3266 noxia
937 3201 1104 3265 facilitate
1131 3201 1343 3267 delatoribus

397 3299 568 3380 credulus,
599 3302 742 3366 fratrem
771 3304 981 3367 immeritum
1011 3300 1147 3384 injuriis
1175 3303 1340 3381 vexabat,

396 3418 483 3482 quas
496 3402 552 3466 vel
569 3403 720 3466 breviter
737 3409 860 3466 taxare
876 3422 946 3466 non
961 3401 1027 3464 erit
1040 3400 1278 3481 incongruum.

235 3514 375 3557 noeane
447 3500 548 3583 §392
573 3502 625 3566 Eo
644 3509 809 3584 tempore,
832 3521 913 3584 quo,
928 3500 1151 3565 frementibus
1174 3500 1339 3564 adversus

233 3565 312 3615 during
319 3566 354 3607 hin

232 3615 335 3657 brorum

394 3598 606 3664 Willelmum
640 3601 828 3665 secundum
853 3598 994 3681 Angliae
1024 3598 1234 3680 proceribus,
1267 3600 1341 3664 Ro·

293 3693 299 3707 '
393 3695 567 3764 bertus'in
586 3700 803 3765 Normannia
815 3707 957 3764 ventum
972 3692 1192 3782 ³prosperum
1214 3718 1340 3782 expec-

426 3994 436 4029 ¹
466 3997 585 4048 Vicesimo
612 4012 670 4059 ergo
694 3995 775 4058 primo
878 4010 940 4057 year
951 3998 1023 4056 1086,
1040 3995 1067 4043 in
1081 3994 1124 4043 the
1138 3996 1268 4044 twentieth
1279 4010 1341 4057 year

389 4067 481 4131 unm]
505 4067 618 4116 William
642 4066 685 4115 the
709 4065 854 4126 Conqueror
878 4065 906 4113 ol
914 4066 954 4113 his
964 4060 1067 4114 father’e
1077 4064 1158 4127 reign.

390 4151 445 4186 was
461 4138 556 4185 abroud
572 4141 599 4185 at
615 4136 751 4185 Pentecost
767 4136 794 4183 in
810 4135 852 4184 the
913 4132 1042 4198 ’Nixus.]
1054 4134 1087 4183 Δ.
1099 4134 1127 4185 S.
1138 4134 1169 4183 C.
1178 4133 1214 4183 D.
1225 4134 1282 4187 Ea
1291 4133 1340 4195 L.;

391 4208 551 4267 twenty-first
574 4220 636 4268 year
656 4205 686 4253 οἱ
709 4205 750 4253 his
771 4205 853 4267 reign,
876 4206 1034 4263 nexus‚El.

390 4275 460 4325 An).
484 4279 556 4325 1⁰8⁷.
608 4275 699 4335 Henry
727 4273 853 4323 undoubt-
912 4266 1103 4342 ³Prosperum.]
1115 4271 1148 4323 A.
1162 4274 1192 4324 G.
1204 4272 1240 4324 D.
1252 4272 1342 4333 E.L.;

389 4345 449 4407 edly
460 4344 576 4394 received
591 4342 748 4407 knighthood
765 4344 793 4392 in
809 4344 852 4393 the
863 4375 865 4396 t
876 4344 980 4393 omitted
991 4345 1017 4393 in
1029 4344 1058 4394 S.
1146 4360 1147 4363 ¹
