3142 5025
416 523 508 592 494Δ
631 543 744 591 onsrn
768 542 896 590 ancum
919 539 1133 588 Aucnonuu.
1215 525 1303 605 [nin.
1319 541 1369 588 1v.

416 706 500 762 tunc
523 705 705 780 satagente
732 698 888 763 Roberto
915 697 1052 774 comite,
1077 697 1138 779 qui
1164 696 1366 761 familiarem

411 799 486 881 jam
514 798 643 862 dudum
676 798 768 880 apud
803 798 961 862 Scottum
976 791 1172 861 *locaverat
1205 798 1366 878 gratiam,

414 898 507 962 inter
523 898 749 962 Malcolmum
771 905 807 962 et
820 898 1035 962 Willelmum
1052 896 1237 961 concordia
1254 897 1364 963 inita:

415 1004 642 1062 veruntamen
667 997 785 1061 multis
816 997 1059 1061 controversiis
1088 997 1272 1077 utrobique
1303 997 1365 1060 ba-

414 1098 509 1175 bitis,
528 1104 564 1162 et
581 1097 772 1161 fluctuante
794 1103 936 1180 propter
954 1103 1180 1178 utrorumque
1203 1097 1365 1160 animosi-

414 1203 522 1261 tatem
541 1197 694 1281 justitia,
717 1196 926 1261 Malcolmus
946 1195 1038 1259 ultro
1053 1193 1291 1260 Gloecestram
1307 1215 1365 1260 ve·

415 1297 478 1375 nit,
505 1298 615 1380 eequis
646 1297 823 1361 duntaxat
847 1295 1114 1371 conditionibus,
1138 1293 1268 1358 multus
1300 1315 1364 1377 pro

253 1412 307 1452 un.
320 1414 375 1454 rus.
414 1415 500 1479 pace
513 1391 707 1480 ¹precator;
732 1396 996 1478 necquicquam
1013 1395 1176 1472 obtinuit,
1193 1394 1260 1458 nisi
1275 1396 1363 1458 utin

414 1516 558 1578 regnum
582 1496 751 1560 indemnis
767 1489 926 1571 ²rediret,
948 1494 1157 1576 dedignante
1181 1514 1263 1576 rege
1283 1495 1364 1559 dolo

414 1615 537 1678 capere
552 1615 654 1678 quem
668 1597 797 1660 virtute
822 1594 1026 1676 subegisset
1068 1593 1235 1676 Idemque
1256 1614 1362 1676 prox-

413 1695 484 1759 ima
497 1697 631 1779 hyeme,
652 1697 696 1759 ab
717 1696 913 1760 hominibus
929 1692 1075 1758 Roberti
1096 1694 1233 1757 comitis
1247 1678 1366 1756 Humss

412 1797 599 1873 brensium,
627 1796 739 1878 magis
760 1794 882 1859 fraude
905 1813 1011 1876 quam
1036 1794 1167 1857 viribus
1190 1794 1362 1858 occubuit.

250 1907 367 2006 2⁰⁰⁰&
307 1908 378 1947 unotr
415 1894 525 1979 Cujus
541 1895 702 1959 interitus
725 1901 868 1978 accepto
889 1894 1027 1971 nuncio,
1040 1912 1131 1960 uxor
1148 1893 1362 1974 Margareta,

253 1969 312 2047 Mali
310 1987 638 2078 01²¹1ieleemosynis
652 2003 688 2060 et
703 1994 900 2077 pudicitia
890 1994 1049 2075 insignis,
1065 1992 1244 2056 fastidiens
1258 1993 1362 2076 hujus

250 2068 305 2106 ΨΜ
306 2069 327 2098 ’
412 2096 499 2160 lucis
529 2114 673 2172 moram,
700 2101 846 2158 mortem
877 2094 1032 2175 precario
1064 2093 1183 2174 exegit
1214 2112 1236 2155 a
1262 2093 1361 2157 Deo:

413 2197 515 2260 ambo
531 2195 628 2260 cultu
644 2193 807 2277 pietatis'
798 2195 963 2275 insignes,
973 2192 1035 2256 rlla
1044 2208 1227 2275 praecipue
1252 2191 1362 2255 Nam·

413 2315 480 2378 que
503 2302 578 2360 toto
592 2295 674 2359 vitae
699 2301 854 2377 tempore
871 2293 996 2376 viginti
1014 2298 1165 2375 quatuor
1191 2310 1361 2374 pauperes

411 2394 573 2474 habebat,
597 2395 794 2476 ubicunqne
817 2394 971 2458 locorum
994 2399 1081 2469 crat,
1108 2410 1196 2473 quos
1219 2391 1304 2455 cibis
1327 2399 1363 2456 et

411 2496 566 2560 vestibus
591 2494 776 2559 reficiebat.
829 2493 1015 2570 Caeterum,
1042 2491 1259 2556 sacerdotum
1282 2511 1361 2557 can·

411 2602 485 2659 tum
510 2598 546 2659 in
576 2594 854 2676 Quadragesima
883 2587 1110 2676 praeveniens,
1145 2592 1303 2656 noctibus
1324 2593 1361 2655 in

411 2695 540 2778 templo
562 2696 770 2773 excubabat,
793 2693 987 2776 triplicibus
1009 2692 1189 2756 matutinis
1209 2693 1288 2774 ipsa
1309 2692 1361 2754 in-

409 2795 547 2873 sistens,
563 2794 606 2859 de
622 2793 808 2872 Trinitate,
824 2794 867 2857 de
883 2792 1006 2870 Cruce,
1021 2792 1065 2855 de
1086 2798 1209 2855 sancta
1224 2791 1359 2871 Maria;

409 2896 490 2958 inde
517 2894 731 2979 psalterium,
759 2913 837 2957 cum
868 2891 1054 2975 lachrymis
1085 2898 1217 2955 vestem
1244 2890 1360 2953 infun·

410 2994 582 3070 dentibus
604 3000 726 3076 pectus
748 2993 1032 3056 succutientibus.
1083 2989 1230 3073 Templo
1246 2990 1359 3071 digre-

409 3094 507 3158 diens
523 3093 688 3176 pascebat
703 3112 885 3175 pauperae,
901 3092 1012 3174 primo
1029 3097 1112 3168 tres,
1125 3086 1208 3153 mox
1223 3110 1359 3166 novem,

408 3192 489 3256 inde
514 3194 640 3275 viginti
667 3198 829 3275 quatuor,
855 3198 1030 3274 postremo
1056 3196 1251 3268 trecentos3
1282 3190 1360 3271 ipsa

409 3312 488 3356 cum
502 3312 583 3375 rege
598 3293 776 3369 assistens,
792 3299 828 3356 et
844 3292 1003 3355 manibus
1023 3289 1148 3370 aquam
1165 3288 1359 3351 infundens.

409 3392 606 3474 Eadgarum
628 3391 737 3456 filium
759 3392 847 3476 ejus,
861 3390 1046 3473 expulsum
1070 3407 1092 3451 a
1113 3394 1251 3470 patruo,
1268 3388 1359 3452 Wil-

407 3491 531 3556 lelmus
556 3491 757 3556 reformavit
785 3490 885 3568 solio,
916 3489 1060 3571 egregia
1085 3488 1190 3570 plane
1218 3494 1254 3551 et
1280 3506 1359 3569 quse

408 3599 543 3657 tantum
567 3592 680 3675 uirum
704 3591 849 3654 decebat
879 3590 1021 3672 pietate,
1052 3594 1103 3663 ut,
1134 3594 1357 3669 paternarum

406 3692 610 3776 iujuriarum
627 3693 818 3766 immemor,
832 3689 941 3754 filium
955 3687 1145 3770 supplicem
1159 3688 1359 3751 restitueret

406 3811 525 3875 regno.

244 3902 356 3992 chgraetgr
349 3956 385 3993 a
457 3892 571 3975 §312
594 3889 833 3955 Excellebat
823 3907 860 3952 m
882 3906 923 3950 eo
949 3888 1231 3969 magnanimitas
1253 3904 1356 3967 quam

243 4003 372 4044 ofwffltam
404 3992 479 4073 ipse
495 4010 657 4073 processu
674 3990 839 4071 temporis
865 3988 973 4050 nimia
997 3988 1182 4051 severitate
1198 3986 1358 4049 obfusca-

437 4261 445 4292 ¹
458 4262 596 4325 Precatou]
609 4262 642 4313 A.
654 4264 686 4313 D.
698 4263 730 4311 Ε.
743 4262 774 4311 L.
786 4278 793 4322 ;
804 4277 863 4323 pec·
924 4255 1071 4323 watra]
1089 4259 1122 4309 A.
1136 4260 1171 4307 D.
1187 4260 1220 4309 E.
1234 4260 1265 4309 L.
1276 4276 1283 4320 ;
1300 4260 1356 4307 abi·

401 4339 479 4397 cator,
490 4333 519 4382 S.
533 4334 563 4381 C.
889 4333 937 4392 ret,
947 4329 976 4378 S.
990 4331 1020 4378 G.
1181 4346 1183 4350 ·
