3142 5025
395 525 460 590 sot
618 540 731 588 casm
756 538 881 586 aucun
907 539 1118 586 ancnonuu.
1200 522 1347 603 [univ.

398 700 449 762 ita
471 675 581 779 possit
601 694 669 758 dici
691 695 783 776 quod
809 695 925 758 anima
940 694 964 759 J
967 694 1029 758 ulii
1044 693 1195 758 Caesaris
1221 695 1348 757 transi-

339 834 344 838 ·
402 798 468 862 erit
481 798 517 860 in
531 815 646 877 regem
661 794 887 859 Willelmum.

456 895 560 979 §32L
572 895 690 958 Unum
707 894 901 970 aedificium,
914 900 948 957 et
962 893 1076 975 ipsum
1087 895 1351 975 permaximum,

405 989 557 1060 ¹domum
573 995 610 1057 in
626 993 808 1058 Londonia
822 993 951 1075 incepit
967 999 1003 1055 et
1016 992 1172 1075 perfecit,
1186 1013 1256 1058 non
1271 1011 1351 1076 para

406 1114 487 1158 cens
504 1093 667 1176 expensis
681 1093 866 1156 dummodo
882 1092 1099 1166 liberalitatis
1122 1110 1194 1155 suae
1217 1093 1351 1174 magni-

406 1194 580 1258 ficentiam
606 1191 806 1271 exhiberet3
841 1198 877 1254 et
905 1211 1018 1254 mores
1041 1191 1177 1272 quidem
1205 1191 1281 1275 ejus
1309 1211 1354 1254 ex

408 1293 474 1371 his,
500 1312 578 1375 quae
604 1292 767 1368 diximus,
790 1291 1063 1354 animadvertere
1083 1290 1213 1372 poterit
1234 1292 1354 1355 lector.

247 1408 379 1476 nacfrpap
409 1393 447 1456 Si
469 1393 546 1474 quis
563 1411 646 1455 vero
668 1390 841 1454 desiderat
862 1391 949 1453 scire
971 1390 1124 1471 corporis
1146 1390 1222 1472 ejus
1245 1391 1356 1472 quali·

246 1461 386 1563 {illilfm'
410 1500 530 1569 tatem,
554 1491 691 1554 noverit
707 1509 785 1553 eum
807 1489 913 1552 fuisse
935 1508 1078 1570 corpore
1092 1489 1275 1570 quadrato,
1298 1484 1383 1554 co-'

410 1592 483 1656 lore
498 1590 588 1666 rufo,
604 1589 697 1676 crine
719 1588 891 1664 subflavo,
903 1587 1015 1651 fronte
1039 1587 1240 1665 fenestrata,
1256 1589 1355 1653 oculo

412 1691 521 1765 vario,
561 1687 765 1770 quibusdam
806 1687 1102 1750 intermicantibus
1139 1689 1248 1769 guttis
1286 1688 1356 1751 dis-

412 1791 543 1868 tinct03
566 1787 742 1874 p1·aecipuo
759 1788 893 1863 robore,
910 1789 1108 1868 quanquam
1127 1806 1197 1850 non
1222 1807 1357 1868 magnae

413 1896 570 1965 staturae,
587 1894 623 1950 et
635 1893 753 1950 ventre
769 1885 874 1968 paulo
890 1886 1107 1968 projectiore.
1140 1887 1358 1969 Eloquentiae

414 1988 531 2064 nullae,
557 1986 617 2049 sed
646 1986 833 2049 titubantia
854 1987 982 2066 linguae
1007 1985 1182 2062 notabilis,
1209 1987 1359 2050 maxime

252 2106 394 2149 armarant
415 2107 493 2152 cum
517 2086 570 2149 ira
597 2092 839 2149 succresceret.
892 2083 1000 2149 Plura
1029 2087 1159 2149 subeo
1184 2072 1301 2150 subita
1325 2093 1361 2149 et

252 2168 387 2258 tntilli?
399 2183 531 2260 ,tristia
545 2185 756 2261 acciderunt,
772 2204 850 2266 quae
867 2184 1069 2265 singulatim
1084 2204 1146 2267 per
1161 2204 1269 2248 annos
1284 2185 1360 2268 ejus

252 2259 319 2308 '⁰¹⁸⁰'
416 2287 622 2367 digeremus,
651 2284 792 2347 veritati
827 2283 978 2348 maxime
1011 2283 1197 2374 secundum
1225 2285 1361 2348 chroni-

416 2405 533 2450 corum
549 2384 651 2447 fidem
666 2383 905 2448 inservientes.

253 2507 377 2547 annua.
432 2548 434 2555 ,
468 2484 575 2569 5322.
599 2483 757 2551 Secundo
782 2501 874 2547 anuo
898 2483 994 2565 regni
1017 2481 1093 2566 ejus
1121 2489 1221 2548 terrae
1249 2491 1363 2548 motus

253 2559 350 2607 ΜΗ
416 2586 539 2666 ingens
556 2590 667 2647 totam
689 2581 854 2664 Angliam
876 2583 1046 2646 exterruit
1066 2584 1169 2647 tertio
1192 2584 1270 2648 idus
1288 2583 1362 2648 Au-

416 2685 522 2766 gusti,
537 2681 707 2746 horrendo
730 2681 908 2759 miraculo,
924 2686 964 2744 ut
978 2682 1124 2746 aedificia
1141 2684 1257 2747 omnia
1279 2685 1362 2747 emi⁴

417 2801 483 2846 nus
506 2781 688 2857 resilirent,
709 2788 744 2844 et
765 2800 849 2846 mox
872 2780 1019 2863 pristino
1042 2801 1137 2845 more
1161 2783 1363 2846 residerent.

418 2882 546 2947 Secuta
561 2888 615 2944 est
636 2880 753 2962 inopia
765 2874 935 2944 ²omnium
949 2880 1142 2961 fructuum3
1166 2881 1268 2945 tarda
1289 2902 1362 2945 ma-

420 2982 544 3045 turitas
562 2981 712 3061 frugum,
727 2986 766 3043 ut
781 2980 844 3043 vix
867 2981 912 3042 ad
933 2980 1059 3043 festum
1084 2982 1197 3044 sancti
1214 2979 1363 3045 Andreae

420 3099 550 3143 messes
566 3078 843 3142 reconderentur.

472 3177 581 3261 §323.
606 3177 742 3257 Quarto
757 3196 849 3241 anuo
866 3178 1035 3242 tumultus
1050 3179 1236 3261 fulgurum,
1252 3188 1367 3245 motus

422 3278 596 3342 turbinum
611 3298 620 3357 3
647 3276 796 3359 denique
809 3278 887 3341 idus
905 3278 1065 3343 Octobris
1081 3280 1173 3362 apud
1188 3281 1365 3345 Winchel⁴

422 3378 581 3441 cumbam
603 3377 692 3441 ictus
719 3378 766 3443 de.
780 3377 869 3441 coelo
891 3379 1036 3441 emissus
1062 3380 1155 3442 latus
1175 3381 1280 3443 turris
1303 3380 1367 3443 im-

422 3476 512 3559 pulit
526 3484 627 3540 tanta
641 3476 688 3553 vi,
711 3484 762 3553 ut,
784 3477 966 3541 debilitata
988 3466 1137 3542 maceria
1157 3480 1194 3541 in
1218 3479 1368 3544 confinio

423 3576 518 3653 tecti,
531 3576 653 3657 ingens
669 3576 824 3639 foramen
840 3576 883 3639 ad
899 3577 1036 3640 modum
1060 3578 1220 3641 humanae
1242 3580 1370 3660 grossi-

422 3676 551 3739 tudinis
574 3672 775 3757 aperiretur.
828 3675 882 3739 Ibi
904 3677 1081 3758 ingressus
1103 3678 1236 3741 trabem
1258 3678 1369 3741 maxi-

469 3898 601 3949 ¹Domum
627 3900 653 3949 ia
670 3900 796 3949 Landosia
821 3901 885 3949 ince-
911 3902 993 3950 called
1021 3900 1064 3949 the
1085 3902 1171 3950 White
1196 3903 1295 3967 Tower,
1317 3919 1372 3953 was

420 3970 483 4034 pit]
499 3971 525 4018 It
541 3971 589 4019 has
611 3972 675 4019 been
693 3970 803 4019 inferred
822 3970 885 4019 bom
910 3972 1070 4020 commenced
1091 3973 1125 4033 by
1148 3971 1191 4019 the
1217 3973 1373 4035 conqueror,

423 4039 474 4088 this
501 4054 609 4102 passage
630 4040 685 4089 that
711 4040 886 4100 Malmesbury
910 4042 960 4089 and
972 4041 1078 4089 finisbed
1089 4042 1124 4103 by
1136 4041 1229 4104 Rufus,
1240 4043 1371 4093 underthe

424 4114 502 4157 states
520 4108 562 4157 the
572 4110 663 4158 Tower
674 4109 703 4157 oi
716 4110 821 4158 London
831 4124 886 4158 was
910 4111 1136 4171 superintendence
1170 4110 1198 4159 of
1229 4113 1372 4175 Gundulph

425 4180 489 4227 built
504 4180 538 4239 by
549 4178 662 4227 William
676 4178 769 4229 Rufus.
804 4179 885 4227 There
909 4180 1001 4240 bishop
1012 4180 1041 4228 of
1049 4180 1196 4231 Rochester.

424 4262 542 4309 appears,
563 4247 689 4309 however,
716 4248 780 4299 little
806 4249 885 4298 doubt
945 4246 1103 4312 'Omnium.]
1121 4249 1154 4298 A.
1173 4251 1202 4299 S.
1221 4253 1251 4301 0.
1266 4253 1300 4301 D.
1313 4254 1370 4302 Et.

424 4316 479 4365 that
489 4316 531 4364 the
547 4317 672 4379 principal
690 4318 816 4379 building‚
826 4334 884 4367 now
909 4318 958 4381 1..;
975 4319 1078 4367 omitted
1089 4321 1116 4367 in
1128 4321 1152 4367 Ε
1162 4324 1184 4369 l.
