3142 5025
181 500 248 546 are.
267 483 333 562 rv.]
414 500 527 547 casua
552 498 678 547 nncuu
706 500 918 548 uuenoauu.
1069 483 1130 548 531

185 678 264 722 cum
287 659 378 722 lacte
398 664 547 720 matrum
572 656 682 720 affusa
704 664 757 721 est
777 657 994 720 sacerdotum
1009 658 1135 736 verbo;

186 759 275 821 hanc
298 757 448 841 majores
465 758 574 822 vestri
595 763 766 839 martyres
788 757 1050 838 praetenderunt
1075 777 1137 820 ex·

186 857 311 940 emplo.
365 857 463 921 Mors
480 857 570 920 enim
593 876 614 920 a
634 843 833 920 coenulento
853 875 990 920 carcere
1012 856 1137 920 liberat

187 959 332 1034 animas,
354 955 398 1019 ad
423 955 600 1038 proprium
627 957 741 1021 locum
769 976 832 1039 pro
860 956 992 1020 meritis
1018 957 1137 1020 evola·

187 1064 297 1121 tures.
337 1056 619 1120 Morsaccelerat
632 1055 732 1120 bouis
746 1057 918 1137 patriam3
941 1075 1035 1119 mors
1046 1075 1137 1138 prae·

188 1157 272 1220 cidit
287 1155 355 1219 reis
370 1155 556 1220 malitiam:
582 1175 643 1238 per
658 1161 804 1218 mortem
818 1175 902 1236 ergo
921 1155 1039 1218 liberae
1061 1155 1137 1218 ani·

190 1275 255 1318 mae
270 1255 326 1319 vel
347 1255 566 1320 oblectantur
590 1255 738 1336 gaudiis,
754 1274 815 1337 spe
839 1255 983 1317 meliora
1006 1249 1137 1336 pr'aesu·
1168 1281 1172 1288 >

191 1363 343 1434 mentes3
378 1354 435 1418 vel
458 1354 618 1418 fruuntur
642 1354 832 1436 suppliciiS,
858 1353 944 1417 nihil
966 1354 1066 1437 pejus
1094 1355 1138 1417 ti-

191 1441 335 1519 mentes.
388 1454 481 1517 Dum
508 1461 623 1518 autem
641 1453 790 1517 vinculis
816 1473 999 1536 corporum
1026 1455 1139 1517 irreti-

193 1562 310 1631 untur,
337 1553 480 1623 trahunt
506 1555 549 1616 ab
575 1554 660 1637 ipsis
688 1553 880 1617 terrulenta
909 1554 1083 1634 contagia,
1105 1561 1141 1618 et

134 1641 146 1651 ⁸
193 1653 304 1739 (quod
328 1653 496 1717 veraciter
521 1654 598 1736 quis
625 1649 736 1736 dicat)
763 1659 910 1716 mortuae
939 1660 1043 1732 sunt;
1077 1673 1141 1717 nec

194 1754 284 1816 enim
310 1753 441 1816 luteum
462 1753 608 1829 coelesti,
635 1753 793 1816 divinum
823 1753 974 1829 mortali,
999 1753 1142 1834 pulchre

194 1839 355 1916 cohaeret.
397 1851 589 1915 Plurimum
607 1852 744 1934 quidem
761 1859 878 1934 potest
894 1853 1021 1929 anima,
1037 1854 1142 1916 etiam

194 1971 287 2015 nunc
307 1951 442 2034 corpori
461 1951 606 2035 juncta;
640 1952 905 2015 instrumentum
928 1953 1019 2015 enim
1042 1972 1142 2015 suum

196 2051 364 2126 vivificat,
386 2051 536 2115 latenter
561 2050 596 2113 id
618 2070 773 2128 movens,
788 2057 823 2114 et
848 2051 942 2115 ultra
962 2052 1143 2115 mortalem

195 2156 354 2213 naturam
372 2150 480 2232 gestis
494 2149 706 2231 producens:
723 2158 951 2214 veruntamen
965 2171 1056 2228 cum,
1070 2171 1143 2214 sar·

195 2250 276 2313 cina
300 2268 370 2332 qua
394 2250 579 2312 interram
605 2249 754 2314 trahitur
779 2250 952 2327 absoluta,
968 2253 1145 2332 proprium
1259 2293 1264 2298 ·
1382 2236 1388 2248 ’

197 2349 311 2412 locum
327 2348 506 2431 receperit,
523 2349 660 2411 beatam
676 2355 711 2412 et
726 2349 879 2430 undique
898 2349 1042 2413 liberam
1063 2369 1145 2433 par·

198 2447 322 2530 tieipat
336 2447 584 2526 fortitudinem,
599 2448 911 2531 quomodocunque
933 2449 1060 2513 diuinae
1083 2469 1144 2513 na·

201 2555 288 2611 turae
313 2547 545 2611 invisibilitati
568 2549 838 2613 communicans.
890 2547 1038 2613 Gemino
1062 2569 1145 2631 ergo

199 2647 320 2710 functa
335 2646 457 2724 officio,
473 2648 609 2729 corpori
625 2648 733 2712 vitam
754 2650 930 2711 ministrat
942 2668 1021 2712 cum
1036 2649 1147 2727 adest,

200 2765 340 2810 causam
372 2766 454 2811 vero
484 2747 687 2811 mutationis
714 2768 792 2811 cum
821 2747 959 2812 recedit.
1009 2748 1146 2812 Videtis

200 2866 305 2929 quam
311 2844 462 2930 jocunde
477 2847 592 2910 anima
603 2848 639 2909 in
655 2847 847 2912 dormiente
860 2867 1003 2929 corpore
1013 2848 1147 2929 vigilet,

202 2952 250 3021 et,
283 2964 304 3008 a
331 2946 489 3010 sensibus
521 2946 675 3023 seducta,
704 2967 768 3030 pro
795 2948 914 3010 divina
939 2949 1148 3028 cognatione

202 3045 314 3109 multa
338 3044 456 3109 lutura
481 3046 681 3127 praevideat.
735 3046 807 3110 Cur
829 3067 913 3129 ergo
934 3056 1079 3110 mortem
1102 3049 1147 3110 ti·

204 3146 317 3221 metis,
333 3146 392 3226 qui
407 3146 518 3209 somni
540 3147 705 3228 requiem,
719 3166 798 3228 quae
819 3148 932 3210 instar
945 3148 1066 3211 mortis
1082 3156 1148 3225 est,

203 3244 374 3325 diligitis?
427 3244 499 3308 Res
515 3252 568 3309 est
585 3246 746 3309 nimirum
763 3247 958 3323 dementiae,
974 3267 1037 3328 pro
1051 3247 1147 3329 cupil-

204 3344 313 3407 ditate
328 3344 547 3419 brevisvitae,
564 3345 718 3408 invidere
734 3346 800 3409 sibi
817 3353 1031 3427 perpetuam.
1055 3344 1150 3423 Quin

205 3444 321 3526 potius
338 3442 481 3529 (fratres
504 3441 726 3528 charissimi),
744 3445 774 3509 si
796 3445 848 3508 ita
869 3446 1067 3526 contigerit,
1089 3466 1151 3531 po-

205 3543 278 3606 nite
308 3562 372 3624 pro
400 3542 565 3607 fratribus
592 3545 724 3607 animas
749 3552 908 3624 vestras3
936 3553 1084 3609 vacuate
1106 3547 1150 3608 ah

205 3642 320 3723 impiis
343 3642 411 3705 Dei
432 3644 635 3720 sacrarium,
661 3644 837 3708 extrudite
858 3645 1030 3725 latrones;
1053 3645 1153 3709 indu-

203 3742 273 3804 cite
295 3741 382 3822 pios
435 3741 544 3806 Nulla
560 3762 623 3807 vos
648 3744 913 3808 necessitudinis
934 3745 1046 3826 pietas
1069 3763 1152 3807 con·

206 3840 329 3917 tineat,
361 3841 444 3923 quia
477 3842 590 3924 prima
628 3841 775 3905 hominis
809 3843 921 3925 pietas
954 3844 990 3905 in
1025 3844 1150 3906 Deum.

208 3937 353 4002 Nullum
371 3940 497 4003 natalis
521 3941 586 4005 soli
609 3940 761 4005 charitas
778 3944 891 4019 tricet,
909 3942 992 4025 quia
1008 3930 1153 4006 diversis

209 4039 421 4121 respectibus
437 4039 636 4104 Christiano
652 4047 746 4104 totus
763 4049 816 4105 est
833 4042 981 4105 mundus
998 4043 1153 4119 exilium,

120 4176 135 4195 .
209 4144 246 4200 et
268 4145 364 4201 totus
389 4140 539 4203 mundus
565 4141 702 4222 patria;
726 4142 777 4203 ita
801 4142 944 4205 exilium
966 4144 1093 4224 patria,
1120 4150 1156 4205 et

209 4238 324 4319 patria
345 4238 497 4302 exilium.
552 4240 696 4303 Nullum
727 4242 1011 4322 patrimoniorum
1034 4242 1157 4325 ampli-
