3142 5025
259 741 346 779 conten
354 740 378 781 ot

260 792 321 839 Emp.
332 791 389 831 lien.

260 840 287 878 V.
296 840 349 880 with
357 842 394 880 the

262 891 326 939 Pepal
335 901 377 931 see.

418 544 484 609 668
632 562 745 611 onsm
767 562 895 611 secun
918 560 1134 611 Artcnoltuu.
1230 546 1371 628 [mnu

421 736 524 801 quam
542 718 690 783 Romam
706 739 850 802 pergere
864 719 1077 797 admoneret,
1093 739 1156 802 pro
1171 718 1237 784 viae
1253 717 1370 801 longi·

421 818 562 899 tudine3
585 818 630 881 ad
646 820 744 883 illum
759 820 875 883 locum
897 820 952 884 bis
971 820 1132 883 euntibus
1149 819 1241 883 idem
1261 819 1368 882 bene-

422 918 582 982 dictionis
596 918 847 983 reiundendum
860 919 1087 997 commodum,
1096 918 1189 1000 quod
1202 918 1369 982 haberent

422 1018 484 1101 qui
500 1018 606 1081 semel
622 1017 771 1082 Romam
787 1019 889 1083 irent.
941 1017 1036 1096 Quid
1051 1017 1144 1100 qnod
1157 1018 1254 1082 illam
1269 1018 1367 1081 inve-

422 1123 570 1181 teratam
583 1117 800 1183 investiturae
823 1118 1096 1183 controversiam
1116 1118 1366 1198 interregnum

422 1223 457 1281 et
469 1216 710 1294 sacerdotium,
722 1236 801 1300 quae
813 1217 889 1301 jam
902 1218 980 1300 plns
998 1237 1102 1300 quam
1115 1217 1367 1299 quinquaginta

422 1316 523 1379 annis
538 1319 657 1383 turbas
675 1317 818 1394 fecerat,
833 1316 921 1381 adeo
936 1323 987 1393 ut,
1003 1316 1121 1398 aliquo
1135 1315 1276 1381 haeresis
1291 1314 1367 1379 sau·

422 1423 497 1480 tore
514 1418 633 1480 morbo
650 1417 706 1481 vel
721 1423 832 1481 morte
854 1416 1001 1493 succiso,
1016 1416 1110 1480 illico
1124 1416 1226 1497 quasi
1246 1413 1366 1497 hydrae

422 1515 540 1598 capita
561 1515 662 1597 plura
686 1515 909 1599 pullularent,
930 1516 1005 1598 ipse
1025 1532 1091 1579 sua
1112 1514 1285 1579 industria
1309 1516 1370 1578 ab·

422 1616 520 1691 rasit,
550 1614 689 1692 decidit,
713 1608 879 1695 ¹delevit3
910 1614 1115 1679 Teutonicae
1139 1613 1370 1678 animositatis

422 1713 512 1777 colla
528 1712 648 1795 vigore
663 1714 794 1778 securis
811 1714 1013 1797 apostolieae
1029 1714 1219 1778 decutiens.
1249 1706 1367 1792 'Quod

422 1820 457 1876 et
471 1812 548 1896 ejus
565 1820 600 1877 et
613 1813 796 1897 apostolici
808 1812 1040 1896 professiones
1054 1813 1182 1878 mundo
1200 1812 1254 1876 his
1266 1812 1368 1877 dictis

422 1913 616 1977 ostendent.

474 2012 491 2095 §
517 2012 591 2077 436.
616 2013 714 2095 ‘Ego
743 2013 904 2078 Galixtus
928 2014 1124 2097 episcopus,
1152 2031 1274 2079 servus
1295 2030 1370 2075 ser·

288 2146 342 2175 sem
357 2145 403 2175 «ιω
425 2131 543 2175 vorum
560 2113 639 2190 Dei,
664 2114 727 2177 tibi
751 2113 879 2178 dilecto
894 2114 966 2177 filio
982 2112 1148 2190 Henrico,
1165 2114 1233 2178 Dei
1255 2111 1370 2194 gratia

284 2195 310 2224 ⁰¹¹
365 2213 370 2226 '
425 2210 661 2276 Romanorum
678 2206 907 2296 ³imperatori,
926 2212 1078 2277 concedo
1094 2213 1280 2277 electiones
1294 2211 1368 2293 epi-

423 2330 605 2393 scoporum
621 2319 656 2376 et
674 2314 837 2377 abbatum
848 2312 1032 2377 Teutonici
1045 2313 1144 2393 regni
1158 2313 1219 2394 qui
1232 2312 1278 2374 ed
1292 2330 1370 2392 reg-

423 2430 505 2474 num
522 2412 696 2493 pertinent
715 2413 753 2476 in
775 2413 962 2494 praesentia
976 2419 1039 2477 tua
1052 2412 1137 2489 fieri,
1158 2412 1290 2494 absque
1311 2429 1370 2495 sy·

424 2511 541 2575 monia
564 2518 599 2576 et
619 2513 749 2595 absque
773 2513 847 2576 ulla
863 2513 1052 2592 violentia3
1078 2519 1119 2575 ut
1136 2513 1166 2575 si
1183 2530 1254 2594 qua
1277 2511 1368 2574 inter

423 2618 540 2693 partes
557 2612 729 2676 discordia
744 2611 934 2688 emerserit,
947 2612 1205 2693 metropolitani
1220 2611 1277 2675 vel
1290 2629 1374 2692 pro-

424 2711 624 2774 vincialium
648 2711 792 2777 consilio
805 2711 862 2775 vel
875 2710 1019 2793 judicio,
1042 2711 1172 2774 saniori
1197 2710 1290 2792 parti
1311 2728 1368 2772 as·

424 2827 564 2873 sensum
576 2822 612 2874 et
629 2812 800 2874 auxilium
813 2810 982 2892 praebeas.
1028 2809 1169 2874 Electus
1182 2817 1299 2874 autem
1315 2828 1368 2872 re-

423 2909 519 2991 galia
534 2929 556 2974 a
572 2917 607 2974 te
633 2910 790 2991 recipiat,
811 2917 847 2973 et
861 2929 940 2992 quae
962 2929 1008 2974 ex
1024 2909 1078 2973 his
1095 2909 1176 2993 jure
1190 2909 1253 2973 tibi
1267 2909 1369 2973 debet

424 3008 549 3072 faciat:
573 3029 619 3072 ex
636 3008 714 3073 aliis
724 3029 809 3073 vero
823 3009 980 3090 partibus
995 3009 1131 3091 imperii
1146 3014 1366 3072 consecratus

424 3107 515 3170 infra
538 3127 601 3171 sex
619 3127 753 3171 menses
773 3108 905 3189 regalia
920 3128 941 3171 a
957 3116 992 3173 te
1014 3128 1075 3191 per
1088 3115 1263 3192 sceptrum
1284 3108 1370 3171 reci·

424 3207 510 3288 piat,
538 3215 575 3271 et
599 3227 678 3290 quae
700 3227 745 3271 ex
771 3207 825 3271 his
845 3208 925 3291 jure
948 3208 1011 3272 tibi
1032 3207 1135 3272 debet
1159 3207 1284 3288 faciat3
1308 3226 1369 3270 ex·

425 3308 534 3389 ceptis
552 3307 709 3371 omnibus
727 3326 807 3391 quae
823 3307 868 3371 ad
884 3308 1079 3372 Romanam
1098 3306 1279 3372 ecelesiam
1294 3326 1370 3388 per-

425 3407 534 3471 tinere
557 3414 758 3472 noscuntur.
811 3407 865 3471 De
888 3408 1013 3490 quibus
1038 3425 1121 3472 vero
1148 3406 1232 3470 mihi
1257 3405 1371 3488 queri·
1440 3480 1443 3484 ,
1556 3432 1557 3449 ¹

423 3507 574 3570 moniam
594 3506 716 3570 seceris
736 3514 771 3570 et
789 3506 957 3570 auxilium
979 3506 1222 3588 postulaveris,
1248 3524 1370 3568 secun·

424 3605 503 3670 dum
523 3604 624 3670 officii
647 3606 715 3669 mei
736 3605 890 3669 debiturn
915 3605 1083 3669 auxilium
1099 3605 1164 3670 tibi
1182 3606 1368 3688 praestabo.

425 3705 482 3768 Do
497 3706 559 3770 tibi
569 3724 685 3769 veram
704 3724 837 3787 pacem,
846 3712 882 3768 et
893 3705 1052 3768 omnibus
1066 3705 1126 3788 qui
1142 3705 1179 3768 in
1194 3712 1257 3768 tua
1269 3710 1369 3786 parte

423 3812 517 3883 sunt,
532 3805 588 3869 vel
602 3805 741 3869 suertmt
750 3811 905 3888 tempore
919 3803 1023 3888 hujus
1032 3804 1224 3869 discordiae.
1248 3803 1367 3869 Valel’

457 4003 598 4068 ¹Delccit.]
618 4006 647 4055 C.
665 4004 700 4054 D.
715 4005 764 4064 E.;
781 4004 886 4067 delevit,
910 4004 980 4066 quio,
992 4004 1042 4064 F.;
1058 4004 1119 4054 thus
1136 4004 1252 4066 omitting
1273 4005 1308 4054 all
1326 4005 1370 4055 the

421 4077 517 4136 evellit,
538 4074 590 4136 A.;
614 4075 709 4124 delevit
729 4076 770 4124 vel
789 4075 885 4138 evellit,
909 4076 1067 4136 intervening
1088 4075 1196 4124 sections
1223 4088 1253 4124 es
1279 4074 1319 4124 lar
1340 4089 1370 4125 us

421 4146 451 4196 S.
462 4147 516 4194 Μ.
908 4146 993 4193 ‘Nam
1011 4149 1104 4206 praeter
1120 4149 1267 4193 caeterarum
1284 4145 1372 4195 illece-

455 4211 466 4244 ²
479 4216 550 4270 Quod
568 4249 594 4264 ..
612 4250 619 4264 .
638 4215 784 4278 comt]
807 4212 841 4262 A.
853 4212 882 4263 S.
909 4215 1010 4264 brarum
1020 4214 1223 4275 abdicationem‚'
1232 4215 1246 4276 ᾗ
1256 4218 1315 4264 440.

422 4285 451 4334 C.
464 4285 499 4335 D.
512 4285 626 4346 Ε.Ι,2.;
644 4285 721 4335 Quod
741 4290 766 4332 et
785 4285 842 4346 ejus
858 4288 883 4331 et
943 4283 1132 4348 'impostum
1151 4285 1182 4333 0.
1201 4284 1235 4332 D.
1256 4285 1306 4346 E.;
1322 4285 1371 4334 im·

420 4353 626 4414 apostolici—in
646 4354 697 4403 Dei
714 4353 794 4402 fervet
810 4353 882 4402 obse·
907 4356 1016 4414 peratori
1027 4359 1146 4416 augusto,
1156 4354 1190 4404 A.
1201 4354 1232 4404 S.
1246 4355 1299 4404 la.
