3142 5025
214 517 370 601 nra.rv.]
441 537 554 584 ous'rn
581 536 949 606 nncuunrioronuu.
1100 521 1169 586 585

215 713 295 758 nere
329 694 458 758 Franci
491 715 561 777 quo
594 702 789 759 commenta
814 694 1040 777 fugitivorum
1066 693 1271 758 falle-maan

216 800 305 869 rent,
331 794 427 858 fumo
457 795 493 858 in
521 813 584 859 ora
607 814 834 859 cavernarum
866 794 1042 873 immiss03
1076 764 1324 875 ¹qu03l¹2ll¹³⁸¹¹⁹

215 892 369 958 latrones
394 895 507 976 fugati
530 895 755 977 pertinaciam
780 895 937 971 amisere,
960 893 1021 956 uni
1045 900 1081 957 et
1102 894 1165 958 uni

215 992 441 1074 egredientes.
494 993 553 1057 Ita
578 995 684 1058 Turci
707 994 752 1057 ad
776 1013 884 1057 unum
915 1012 1032 1058 omnes
1053 992 1161 1058 inter·

214 1092 309 1169 fecti,
334 1092 414 1176 Syri
436 1094 614 1158 reservati.
667 1092 753 1158 Inde
778 1077 955 1176 digressus
975 1091 1161 1171 exercitus,

214 1188 449 1276 Arabiamque
461 1193 644 1276 petiturus,
652 1195 755 1258 busta
769 1193 937 1275 praeteriit
947 1192 1163 1275 patriarcha·

215 1311 290 1354 rum
306 1289 469 1369 Abrahae,
486 1293 601 1370 Isaac,
618 1300 653 1357 et
666 1293 791 1371 Jacob,
815 1299 851 1356 et
864 1293 967 1356 trium
983 1299 1159 1357 matrona-

214 1410 290 1454 rum
304 1390 412 1470 Sarae,
432 1392 613 1471 Rebeccae,
631 1392 725 1473 Liae3
751 1392 852 1456 locus
874 1393 982 1457 estin
1001 1391 1161 1470 Hebron,

213 1490 346 1554 distans
373 1493 416 1555 ab
443 1492 666 1575 lerosolymis
687 1491 851 1556 tredecim
875 1491 1045 1556 millibus:
1078 1510 1158 1555 nam

214 1609 339 1673 corpus
348 1591 480 1675 Joseph
492 1591 589 1674 jacet
605 1593 642 1654 in
656 1591 820 1675 Neapoli,
830 1611 908 1674 quae
923 1591 1006 1654 olim
1022 1581 1158 1654 Sichem

213 1689 306 1754 dicta
329 1699 394 1767 est,
408 1711 578 1755 marmore
597 1691 745 1756 candido
769 1699 910 1769 tectum,
931 1691 1160 1773 omnibusque

214 1791 473 1854 transeuntibus
498 1792 736 1873 perspicuum3
756 1784 836 1854 ²ubi
851 1809 988 1873 quoque
1012 1789 1158 1856 fratrum

213 1889 374 1953 visuntur
382 1891 572 1968 mausolea,
581 1890 641 1954 sed
650 1890 803 1954 inferiori
812 1890 934 1972 gloria.
957 1889 1066 1953 Venit
1074 1909 1158 1972 ergo

213 1989 388 2052 exercitus
401 1991 439 2053 in
456 1990 583 2054 vallem
596 1991 655 2053 ubi
669 1990 844 2072 quondam
859 1990 957 2053 Deus
973 1988 1157 2053 Sodomam

213 2094 248 2150 et
274 2087 481 2153 Gomorram
512 2089 693 2165 subvertit,
716 2090 894 2154 coelestem
925 2088 1099 2152 flammam
1120 2090 1158 2153 in

212 2187 378 2252 scelestos
405 2189 594 2272 jaculatus.
657 2189 713 2252 Ibi
745 2189 842 2253 lacus
872 2207 935 2271 per
967 2188 1157 2252 octodecim

211 2287 322 2350 millia
345 2288 560 2365 diffunditur,
583 2289 713 2352 nullius
736 2289 887 2353 viventis
910 2306 1045 2370 capam
1068 2307 1161 2371 prae·-

212 2393 309 2450 terea
332 2394 484 2452 tractatu
508 2387 594 2453 adeo
616 2389 800 2465 horribilis,
818 2394 858 2450 ut
879 2385 1074 2469 potantium
1096 2406 1159 2452 ora

213 2492 387 2569 torqueat,
401 2495 437 2553 et
453 2496 558 2569 gustu
572 2507 691 2553 amaro
705 2489 813 2552 rictus
830 2486 1018 2553 distendat.
1062 2486 1159 2551 Valli

213 2606 312 2650 mons
327 2589 510 2669 prominet,
529 2608 591 2670 per
607 2589 686 2654 loca
701 2590 840 2652 scrobes
854 2588 965 2651 salsas
984 2593 1159 2665 eructans,

213 2693 250 2749 et
277 2686 378 2768 quasi
405 2688 588 2769 congelato
614 2690 706 2753 vitro
728 2696 824 2753 totus
847 2686 1066 2769 perlucidus3
1100 2687 1160 2750 ubi

212 2785 388 2867 colligitur
398 2786 490 2869 quod
503 2788 643 2869 quidam
658 2789 799 2864 nitrum,
813 2786 953 2868 quidam
968 2786 1051 2850 salis
1064 2806 1160 2868 gem-

212 2904 316 2961 mam,
330 2894 468 2950 vocant.
521 2886 718 2950 Evadentes
743 2906 827 2968 ergo
853 2886 966 2949 lacum
990 2893 1160 2951 venerunt

213 2984 258 3046 ad
274 2984 393 3049 villam
407 3004 492 3049 sane
504 2985 824 3069 locupletissimam,
840 2993 876 3049 et
892 2985 1031 3049 mellitis
1048 2985 1159 3067 pomis

213 3103 291 3166 quae
309 3085 467 3167 dactylos
484 3078 621 3150 ³dicunt
642 3085 861 3164 foecundam;
885 3104 1030 3167 quorum
1043 3104 1105 3148 esu
1121 3104 1159 3149 se

212 3183 434 3248 infarcientes
460 3184 523 3248 vix
555 3185 698 3248 lacunas
720 3184 891 3247 ventrium
912 3185 1067 3266 implere,
1098 3184 1159 3248 vix

211 3281 401 3364 ingluviem
419 3284 571 3347 faucium
593 3304 666 3366 prae
683 3282 865 3347 dulcedine
889 3290 1080 3365 temperare
1097 3303 1159 3347 va·

211 3381 342 3446 lebant.
387 3382 524 3446 Caetera
542 3384 665 3447 timore
689 3382 881 3447 incolarum
910 3383 1047 3458 abrasa,
1069 3402 1159 3464 prae·

213 3488 267 3545 ter
281 3481 480 3564 aliquantos
497 3475 694 3564 AEth'iopes,
710 3481 943 3562 ferrugineam
957 3482 1160 3563 capillorum

211 3580 377 3661 lanugine
391 3581 571 3662 fuliginem
583 3581 857 3663 praetendentes3
876 3599 1021 3663 quorum
1031 3580 1161 3646 caedem

211 3680 323 3742 nostri
348 3681 560 3744 aestimantes
581 3681 672 3743 infra
690 3680 853 3744 virtutem
877 3698 988 3756 suam,
1009 3698 1078 3743 non
1101 3699 1161 3743 eos

154 3786 161 3795 ‘
210 3779 276 3855 ira,
299 3778 361 3842 sed
386 3780 456 3843 risu
485 3779 620 3861 dignati
637 3787 730 3843 sunt.
782 3778 879 3843 Huic
896 3778 989 3842 villae
1005 3778 1162 3861 subjacet

211 3878 315 3942 vallis
340 3879 376 3941 in
401 3897 472 3960 qua
496 3878 666 3960 hodieque
694 3879 784 3943 silex
816 3878 969 3942 cernitur
993 3897 1063 3960 quo
1086 3897 1164 3960 per-

247 4111 347 4176 1ίὶιιο.]
359 4112 430 4162 Here
441 4111 476 4162 D.
489 4113 522 4163 Ε.
532 4127 674 4162 commenoe
701 4128 750 4175 que
768 4114 806 4163 ibi
824 4113 930 4165 nauum
951 4116 1008 4177 ejus
1024 4113 1164 4177 mausolea,

210 4199 227 4234 a
238 4198 295 4233 new
307 4184 411 4232 section.
700 4183 734 4233 Α.
748 4183 777 4233 S.
789 4184 819 4234 L.

245 4251 321 4302 ’Udi
337 4268 428 4314 qaoque
437 4250 550 4310 fratrum
561 4250 675 4299 abortio·
736 4250 875 4317 ’DicuntJ
899 4254 927 4303 S.
945 4254 980 4303 D.
997 4255 1046 4315 E.;
1065 4258 1165 4317 vocant,

210 4322 352 4385 massalem]
374 4324 404 4371 0.
423 4322 458 4371 D.
478 4322 528 4381 E.;
547 4321 675 4371 visuntur·
701 4322 732 4372 L.
