<?xml version="1.0" encoding="UTF-8"?>
<!DOCTYPE html PUBLIC "-//W3C//DTD XHTML 1.0 Transitional//EN"
    "http://www.w3.org/TR/xhtml1/DTD/xhtml1-transitional.dtd">
<html xmlns="http://www.w3.org/1999/xhtml" xml:lang="en" lang="en">
 <head>
  <title>
</title>
<meta http-equiv="Content-Type" content="text/html;charset=utf-8" />
  <meta name='ocr-system' content='tesseract 3.04.00' />
  <meta name='ocr-capabilities' content='ocr_page ocr_carea ocr_par ocr_line ocrx_word'/>
</head>
<body>
  <div class='ocr_page' id='page_1' title='image "./willelmimalmesb01willgoog_0286.png"; bbox 0 0 3142 5025; ppageno 0'>
   <div class='ocr_carea' id='block_1_1' title="bbox 216 494 1168 577">
    <p class='ocr_par' dir='ltr' id='par_1_1' title="bbox 216 494 1168 577">
     <span class='ocr_line' id='line_1_1' title="bbox 216 494 1168 577; baseline 0.002 -18"><span class='ocrx_word' id='word_1_1' title='bbox 216 512 284 560; x_wconf 83' lang='lat' dir='ltr'><strong>nra.</strong></span> <span class='ocrx_word' id='word_1_2' title='bbox 300 496 351 577; x_wconf 84' lang='lat' dir='ltr'><strong>v.]</strong></span> <span class='ocrx_word' id='word_1_3' title='bbox 434 511 547 561; x_wconf 69' lang='lat' dir='ltr'><strong>unsri</strong></span> <span class='ocrx_word' id='word_1_4' title='bbox 571 512 697 560; x_wconf 76' lang='lat' dir='ltr'><strong>procu</strong></span> <span class='ocrx_word' id='word_1_5' title='bbox 722 511 934 561; x_wconf 77' lang='lat' dir='ltr'><strong>succensu.</strong></span> <span class='ocrx_word' id='word_1_6' title='bbox 1101 494 1168 561; x_wconf 79' lang='grc'><strong>648</strong></span> 
     </span>
    </p>
   </div>
   <div class='ocr_carea' id='block_1_2' title="bbox 185 659 1288 4103">
    <p class='ocr_par' dir='ltr' id='par_1_2' title="bbox 215 659 1166 1915">
     <span class='ocr_line' id='line_1_2' title="bbox 216 659 1166 747; baseline 0.002 -16"><span class='ocrx_word' id='word_1_7' title='bbox 216 666 259 731; x_wconf 90' lang='lat' dir='ltr'><strong>lis</strong></span> <span class='ocrx_word' id='word_1_8' title='bbox 277 659 425 743; x_wconf 86' lang='lat' dir='ltr'><strong>¹amore,</strong></span> <span class='ocrx_word' id='word_1_9' title='bbox 450 666 631 731; x_wconf 90' lang='lat' dir='ltr'><strong>mulierum</strong></span> <span class='ocrx_word' id='word_1_10' title='bbox 662 667 794 747; x_wconf 81' lang='lat' dir='ltr'><strong>gremio</strong></span> <span class='ocrx_word' id='word_1_11' title='bbox 820 665 1078 732; x_wconf 83' lang='lat' dir='ltr'><strong>infunderetur:</strong></span> <span class='ocrx_word' id='word_1_12' title='bbox 1103 687 1166 733; x_wconf 90' lang='lat' dir='ltr'><strong>nec</strong></span> 
     </span>
     <span class='ocr_line' id='line_1_3' title="bbox 216 763 1166 848; baseline 0.002 -19"><span class='ocrx_word' id='word_1_13' title='bbox 216 764 419 847; x_wconf 80' lang='lat' dir='ltr'><strong>dignaretur</strong></span> <span class='ocrx_word' id='word_1_14' title='bbox 442 766 585 829; x_wconf 87' lang='lat' dir='ltr'><strong>advenae</strong></span> <span class='ocrx_word' id='word_1_15' title='bbox 614 763 835 829; x_wconf 83' lang='lat' dir='ltr'><strong>delectationi</strong></span> <span class='ocrx_word' id='word_1_16' title='bbox 866 767 1021 848; x_wconf 88' lang='lat' dir='ltr'><strong>praebere</strong></span> <span class='ocrx_word' id='word_1_17' title='bbox 1048 785 1166 831; x_wconf 90' lang='lat' dir='ltr'><strong>assen-</strong></span> 
     </span>
     <span class='ocr_line' id='line_1_4' title="bbox 217 864 1165 946; baseline 0.003 -19"><span class='ocrx_word' id='word_1_18' title='bbox 217 883 307 941; x_wconf 87' lang='lat' dir='ltr'><strong>sum,</strong></span> <span class='ocrx_word' id='word_1_19' title='bbox 324 864 391 928; x_wconf 91' lang='lat' dir='ltr'><strong>nisi</strong></span> <span class='ocrx_word' id='word_1_20' title='bbox 408 866 467 929; x_wconf 90' lang='lat' dir='ltr'><strong>ubi</strong></span> <span class='ocrx_word' id='word_1_21' title='bbox 489 865 623 946; x_wconf 78' lang='lat' dir='ltr'><strong>regium</strong></span> <span class='ocrx_word' id='word_1_22' title='bbox 645 882 762 927; x_wconf 90' lang='lat' dir='ltr'><strong>semen</strong></span> <span class='ocrx_word' id='word_1_23' title='bbox 779 864 966 946; x_wconf 81' lang='lat' dir='ltr'>procedere</span> <span class='ocrx_word' id='word_1_24' title='bbox 988 872 1108 946; x_wconf 92' lang='lat' dir='ltr'><strong>posset</strong></span> <span class='ocrx_word' id='word_1_25' title='bbox 1129 866 1165 930; x_wconf 92' lang='lat' dir='ltr'><strong>in</strong></span> 
     </span>
     <span class='ocr_line' id='line_1_5' title="bbox 216 962 1165 1043; baseline 0.003 -17"><span class='ocrx_word' id='word_1_26' title='bbox 216 962 397 1043; x_wconf 79' lang='lat' dir='ltr'><strong>effectum3</strong></span> <span class='ocrx_word' id='word_1_27' title='bbox 429 962 607 1027; x_wconf 87' lang='lat' dir='ltr'><strong>effundens</strong></span> <span class='ocrx_word' id='word_1_28' title='bbox 637 969 797 1026; x_wconf 89' lang='lat' dir='ltr'><strong>naturam</strong></span> <span class='ocrx_word' id='word_1_29' title='bbox 827 969 867 1027; x_wconf 88' lang='lat' dir='ltr'><strong>ut</strong></span> <span class='ocrx_word' id='word_1_30' title='bbox 896 963 1067 1041; x_wconf 90' lang='lat' dir='ltr'><strong>dominus,</strong></span> <span class='ocrx_word' id='word_1_31' title='bbox 1095 984 1165 1030; x_wconf 91' lang='lat' dir='ltr'><strong>non</strong></span> 
     </span>
     <span class='ocr_line' id='line_1_6' title="bbox 216 1060 1164 1144; baseline 0 -17"><span class='ocrx_word' id='word_1_32' title='bbox 216 1062 459 1144; x_wconf 85' lang='lat' dir='ltr'><strong>obtemperans</strong></span> <span class='ocrx_word' id='word_1_33' title='bbox 482 1060 615 1126; x_wconf 88' lang='lat' dir='ltr'><strong>libidini</strong></span> <span class='ocrx_word' id='word_1_34' title='bbox 642 1069 683 1124; x_wconf 89' lang='lat' dir='ltr'><strong>ut</strong></span> <span class='ocrx_word' id='word_1_35' title='bbox 707 1061 870 1125; x_wconf 85' lang='lat' dir='ltr'><strong>famulus.</strong></span> <span class='ocrx_word' id='word_1_36' title='bbox 913 1061 1010 1126; x_wconf 84' lang='lat' dir='ltr'><strong>Cibis</strong></span> <span class='ocrx_word' id='word_1_37' title='bbox 1031 1063 1164 1128; x_wconf 85' lang='lat' dir='ltr'><strong>indiffe-</strong></span> 
     </span>
     <span class='ocr_line' id='line_1_7' title="bbox 217 1160 1163 1245; baseline 0.006 -24"><span class='ocrx_word' id='word_1_38' title='bbox 217 1167 333 1225; x_wconf 90' lang='lat' dir='ltr'><strong>renter</strong></span> <span class='ocrx_word' id='word_1_39' title='bbox 355 1168 468 1238; x_wconf 90' lang='lat' dir='ltr'><strong>utens,</strong></span> <span class='ocrx_word' id='word_1_40' title='bbox 498 1160 678 1242; x_wconf 80' lang='lat' dir='ltr'><strong>magisque</strong></span> <span class='ocrx_word' id='word_1_41' title='bbox 705 1160 850 1241; x_wconf 86' lang='lat' dir='ltr'><strong>explens</strong></span> <span class='ocrx_word' id='word_1_42' title='bbox 876 1162 1036 1238; x_wconf 78' lang='lat' dir='ltr'><strong>esuriem,</strong></span> <span class='ocrx_word' id='word_1_43' title='bbox 1058 1182 1163 1245; x_wconf 88' lang='lat' dir='ltr'><strong>quam</strong></span> 
     </span>
     <span class='ocr_line' id='line_1_8' title="bbox 216 1259 1164 1342; baseline 0.003 -21"><span class='ocrx_word' id='word_1_44' title='bbox 216 1259 334 1323; x_wconf 91' lang='lat' dir='ltr'><strong>multis</strong></span> <span class='ocrx_word' id='word_1_45' title='bbox 370 1260 523 1323; x_wconf 89' lang='lat' dir='ltr'><strong>obsoniis</strong></span> <span class='ocrx_word' id='word_1_46' title='bbox 549 1277 677 1340; x_wconf 78' lang='lat' dir='ltr'><strong>urgens</strong></span> <span class='ocrx_word' id='word_1_47' title='bbox 710 1259 921 1340; x_wconf 70' lang='lat' dir='ltr'><strong>ingluviem</strong></span> <span class='ocrx_word' id='word_1_48' title='bbox 952 1261 1050 1342; x_wconf 92' lang='lat' dir='ltr'><strong>potui</strong></span> <span class='ocrx_word' id='word_1_49' title='bbox 1076 1281 1164 1324; x_wconf 91' lang='lat' dir='ltr'><strong>nun-</strong></span> 
     </span>
     <span class='ocr_line' id='line_1_9' title="bbox 217 1356 1163 1440; baseline 0.002 -19"><span class='ocrx_word' id='word_1_50' title='bbox 217 1376 322 1439; x_wconf 88' lang='lat' dir='ltr'><strong>quam</strong></span> <span class='ocrx_word' id='word_1_51' title='bbox 338 1365 467 1440; x_wconf 85' lang='lat' dir='ltr'><strong>praeter</strong></span> <span class='ocrx_word' id='word_1_52' title='bbox 478 1357 571 1422; x_wconf 86' lang='lat' dir='ltr'><strong>sitim</strong></span> <span class='ocrx_word' id='word_1_53' title='bbox 585 1356 780 1439; x_wconf 79' lang='lat' dir='ltr'><strong>indulgens.</strong></span> <span class='ocrx_word' id='word_1_54' title='bbox 815 1356 1048 1422; x_wconf 85' lang='lat' dir='ltr'><strong>Continentiae</strong></span> <span class='ocrx_word' id='word_1_55' title='bbox 1063 1360 1163 1423; x_wconf 91' lang='lat' dir='ltr'><strong>mini·</strong></span> 
     </span>
     <span class='ocr_line' id='line_1_10' title="bbox 216 1456 1164 1527; baseline 0.003 -8"><span class='ocrx_word' id='word_1_56' title='bbox 216 1475 310 1520; x_wconf 89' lang='lat' dir='ltr'><strong>mum</strong></span> <span class='ocrx_word' id='word_1_57' title='bbox 326 1476 506 1521; x_wconf 80' lang='lat' dir='ltr'><strong>excessum</strong></span> <span class='ocrx_word' id='word_1_58' title='bbox 521 1463 596 1520; x_wconf 90' lang='lat' dir='ltr'><strong>tum</strong></span> <span class='ocrx_word' id='word_1_59' title='bbox 617 1456 653 1519; x_wconf 93' lang='lat' dir='ltr'><strong>in</strong></span> <span class='ocrx_word' id='word_1_60' title='bbox 675 1456 748 1519; x_wconf 89' lang='lat' dir='ltr'><strong>suis</strong></span> <span class='ocrx_word' id='word_1_61' title='bbox 771 1462 844 1520; x_wconf 88' lang='lat' dir='ltr'><strong>tum</strong></span> <span class='ocrx_word' id='word_1_62' title='bbox 866 1456 903 1519; x_wconf 93' lang='lat' dir='ltr'><strong>in</strong></span> <span class='ocrx_word' id='word_1_63' title='bbox 925 1457 1084 1527; x_wconf 85' lang='lat' dir='ltr'><strong>omnibus</strong></span> <span class='ocrx_word' id='word_1_64' title='bbox 1101 1478 1164 1522; x_wconf 82' lang='lat' dir='ltr'><strong>ex·</strong></span> 
     </span>
     <span class='ocr_line' id='line_1_11' title="bbox 217 1554 1162 1637; baseline 0.002 -19"><span class='ocrx_word' id='word_1_65' title='bbox 217 1574 350 1619; x_wconf 88' lang='lat' dir='ltr'><strong>ecrans.</strong></span> <span class='ocrx_word' id='word_1_66' title='bbox 384 1555 505 1620; x_wconf 89' lang='lat' dir='ltr'><strong>Somni</strong></span> <span class='ocrx_word' id='word_1_67' title='bbox 522 1555 652 1636; x_wconf 80' lang='lat' dir='ltr'><strong>gravis,</strong></span> <span class='ocrx_word' id='word_1_68' title='bbox 664 1561 699 1619; x_wconf 92' lang='lat' dir='ltr'><strong>et</strong></span> <span class='ocrx_word' id='word_1_69' title='bbox 714 1574 817 1637; x_wconf 92' lang='lat' dir='ltr'><strong>quem</strong></span> <span class='ocrx_word' id='word_1_70' title='bbox 831 1554 993 1636; x_wconf 84' lang='lat' dir='ltr'><strong>frequens</strong></span> <span class='ocrx_word' id='word_1_71' title='bbox 1006 1557 1162 1621; x_wconf 89' lang='lat' dir='ltr'><strong>roncatio</strong></span> 
     </span>
     <span class='ocr_line' id='line_1_12' title="bbox 215 1652 1161 1736; baseline 0.001 -20"><span class='ocrx_word' id='word_1_72' title='bbox 215 1652 490 1736; x_wconf 86' lang='lat' dir='ltr'><strong>interrumperet.</strong></span> <span class='ocrx_word' id='word_1_73' title='bbox 528 1653 723 1719; x_wconf 89' lang='lat' dir='ltr'><strong>Facultatis</strong></span> <span class='ocrx_word' id='word_1_74' title='bbox 738 1654 776 1717; x_wconf 91' lang='lat' dir='ltr'><strong>in</strong></span> <span class='ocrx_word' id='word_1_75' title='bbox 793 1653 939 1717; x_wconf 90' lang='lat' dir='ltr'><strong>dicendo</strong></span> <span class='ocrx_word' id='word_1_76' title='bbox 962 1655 1074 1735; x_wconf 80' lang='lat' dir='ltr'><strong>magis</strong></span> <span class='ocrx_word' id='word_1_77' title='bbox 1092 1655 1161 1719; x_wconf 85' lang='lat' dir='ltr'><strong>for-</strong></span> 
     </span>
     <span class='ocr_line' id='line_1_13' title="bbox 217 1752 1161 1836; baseline 0.003 -21"><span class='ocrx_word' id='word_1_78' title='bbox 217 1752 315 1816; x_wconf 86' lang='lat' dir='ltr'><strong>tuitae</strong></span> <span class='ocrx_word' id='word_1_79' title='bbox 332 1772 437 1836; x_wconf 90' lang='lat' dir='ltr'><strong>quam</strong></span> <span class='ocrx_word' id='word_1_80' title='bbox 463 1752 671 1832; x_wconf 63' lang='lat' dir='ltr'><strong>elaboratam</strong></span> <span class='ocrx_word' id='word_1_81' title='bbox 695 1770 759 1816; x_wconf 89' lang='lat' dir='ltr'><strong>nec</strong></span> <span class='ocrx_word' id='word_1_82' title='bbox 784 1753 986 1836; x_wconf 75' lang='lat' dir='ltr'><strong>praecipitis,</strong></span> <span class='ocrx_word' id='word_1_83' title='bbox 1004 1754 1064 1817; x_wconf 91' lang='lat' dir='ltr'><strong>sed</strong></span> <span class='ocrx_word' id='word_1_84' title='bbox 1087 1773 1161 1818; x_wconf 91' lang='lat' dir='ltr'><strong>ma·</strong></span> 
     </span>
     <span class='ocr_line' id='line_1_14' title="bbox 218 1856 318 1915; baseline 0.02 -2"><span class='ocrx_word' id='word_1_85' title='bbox 218 1856 318 1915; x_wconf 84' lang='lat' dir='ltr'><strong>turae.</strong></span> 
     </span>
    </p>

    <p class='ocr_par' dir='ltr' id='par_1_3' title="bbox 217 1946 1288 2923">
     <span class='ocr_line' id='line_1_15' title="bbox 268 1946 1288 2032; baseline 0.003 -21"><span class='ocrx_word' id='word_1_86' title='bbox 268 1948 377 2032; x_wconf 67' lang='lat'><strong>5413.</strong></span> <span class='ocrx_word' id='word_1_87' title='bbox 400 1946 548 2013; x_wconf 83' lang='lat' dir='ltr'><strong>Pietatis</strong></span> <span class='ocrx_word' id='word_1_88' title='bbox 575 1948 611 2013; x_wconf 93' lang='lat' dir='ltr'><strong>in</strong></span> <span class='ocrx_word' id='word_1_89' title='bbox 629 1948 743 2013; x_wconf 91' lang='lat' dir='ltr'><strong>Deum</strong></span> <span class='ocrx_word' id='word_1_90' title='bbox 764 1949 1009 2032; x_wconf 75' lang='lat' dir='ltr'><strong>praedicandae,</strong></span> <span class='ocrx_word' id='word_1_91' title='bbox 1022 1970 1161 2015; x_wconf 89' lang='lat' dir='ltr'><strong>monas·</strong></span> <span class='ocrx_word' id='word_1_92' title='bbox 1175 1964 1216 2004; x_wconf 72' lang='lat'><strong>11¹·</strong></span> <span class='ocrx_word' id='word_1_93' title='bbox 1224 1963 1288 2014; x_wconf 69' lang='lat' dir='ltr'><strong>riur-</strong></span> 
     </span>
     <span class='ocr_line' id='line_1_16' title="bbox 217 2045 1163 2132; baseline 0.004 -22"><span class='ocrx_word' id='word_1_94' title='bbox 217 2048 305 2111; x_wconf 90' lang='lat' dir='ltr'><strong>teria</strong></span> <span class='ocrx_word' id='word_1_95' title='bbox 319 2049 355 2111; x_wconf 90' lang='lat' dir='ltr'><strong>in</strong></span> <span class='ocrx_word' id='word_1_96' title='bbox 369 2045 499 2129; x_wconf 79' lang='lat' dir='ltr'><strong>Anglia</strong></span> <span class='ocrx_word' id='word_1_97' title='bbox 511 2054 547 2113; x_wconf 90' lang='lat' dir='ltr'><strong>et</strong></span> <span class='ocrx_word' id='word_1_98' title='bbox 562 2046 778 2113; x_wconf 89' lang='lat' dir='ltr'><strong>Normannia</strong></span> <span class='ocrx_word' id='word_1_99' title='bbox 792 2049 988 2114; x_wconf 83' lang='lat' dir='ltr'><strong>construxit</strong></span> <span class='ocrx_word' id='word_1_100' title='bbox 1001 2069 1010 2129; x_wconf 92' lang='lat'><strong>;</strong></span> <span class='ocrx_word' id='word_1_101' title='bbox 1036 2051 1163 2132; x_wconf 91' lang='lat' dir='ltr'><strong>quibus</strong></span> 
     </span>
     <span class='ocr_line' id='line_1_17' title="bbox 217 2146 1163 2230; baseline 0.005 -21"><span class='ocrx_word' id='word_1_102' title='bbox 217 2147 299 2228; x_wconf 89' lang='lat' dir='ltr'><strong>quia</strong></span> <span class='ocrx_word' id='word_1_103' title='bbox 328 2146 480 2211; x_wconf 90' lang='lat' dir='ltr'><strong>nondum</strong></span> <span class='ocrx_word' id='word_1_104' title='bbox 510 2164 705 2229; x_wconf 85' lang='lat' dir='ltr'><strong>supremam</strong></span> <span class='ocrx_word' id='word_1_105' title='bbox 728 2162 873 2211; x_wconf 74' lang='lat' dir='ltr'><strong>&#39;manum</strong></span> <span class='ocrx_word' id='word_1_106' title='bbox 896 2148 1074 2230; x_wconf 88' lang='lat' dir='ltr'><strong>imposuit,</strong></span> <span class='ocrx_word' id='word_1_107' title='bbox 1096 2168 1163 2230; x_wconf 80' lang='lat' dir='ltr'><strong>ego</strong></span> 
     </span>
     <span class='ocr_line' id='line_1_18' title="bbox 218 2244 1164 2330; baseline 0.002 -21"><span class='ocrx_word' id='word_1_108' title='bbox 218 2264 357 2328; x_wconf 92' lang='lat' dir='ltr'><strong>quoque</strong></span> <span class='ocrx_word' id='word_1_109' title='bbox 389 2245 527 2309; x_wconf 87' lang='lat' dir='ltr'><strong>interim</strong></span> <span class='ocrx_word' id='word_1_110' title='bbox 551 2244 720 2330; x_wconf 90' lang='lat' dir='ltr'><strong>judicium</strong></span> <span class='ocrx_word' id='word_1_111' title='bbox 744 2264 859 2308; x_wconf 90' lang='lat' dir='ltr'><strong>meum</strong></span> <span class='ocrx_word' id='word_1_112' title='bbox 886 2245 1069 2323; x_wconf 82' lang='lat' dir='ltr'><strong>differrem,</strong></span> <span class='ocrx_word' id='word_1_113' title='bbox 1096 2247 1164 2311; x_wconf 91' lang='lat' dir='ltr'><strong>nisi</strong></span> 
     </span>
     <span class='ocr_line' id='line_1_19' title="bbox 218 2343 1164 2426; baseline 0.001 -19"><span class='ocrx_word' id='word_1_114' title='bbox 218 2363 273 2407; x_wconf 88' lang='lat' dir='ltr'><strong>me</strong></span> <span class='ocrx_word' id='word_1_115' title='bbox 298 2343 575 2426; x_wconf 81' lang='lat' dir='ltr'><strong>Radingensium</strong></span> <span class='ocrx_word' id='word_1_116' title='bbox 602 2344 748 2409; x_wconf 78' lang='lat' dir='ltr'><strong>fratrum</strong></span> <span class='ocrx_word' id='word_1_117' title='bbox 781 2344 933 2407; x_wconf 85' lang='lat' dir='ltr'><strong>charitas</strong></span> <span class='ocrx_word' id='word_1_118' title='bbox 958 2351 1073 2409; x_wconf 87' lang='lat' dir='ltr'><strong>tacere</strong></span> <span class='ocrx_word' id='word_1_119' title='bbox 1094 2365 1164 2410; x_wconf 92' lang='lat' dir='ltr'><strong>non</strong></span> 
     </span>
     <span class='ocr_line' id='line_1_20' title="bbox 218 2442 1165 2509; baseline 0.001 -2"><span class='ocrx_word' id='word_1_120' title='bbox 218 2442 357 2509; x_wconf 87' lang='lat' dir='ltr'><strong>sineret.</strong></span> <span class='ocrx_word' id='word_1_121' title='bbox 409 2442 489 2507; x_wconf 92' lang='lat' dir='ltr'><strong>Hoc</strong></span> <span class='ocrx_word' id='word_1_122' title='bbox 514 2442 573 2507; x_wconf 89' lang='lat' dir='ltr'><strong>ille</strong></span> <span class='ocrx_word' id='word_1_123' title='bbox 598 2443 793 2507; x_wconf 87' lang='lat' dir='ltr'><strong>coenobium</strong></span> <span class='ocrx_word' id='word_1_124' title='bbox 820 2443 1000 2508; x_wconf 90' lang='lat' dir='ltr'><strong>interduo</strong></span> <span class='ocrx_word' id='word_1_125' title='bbox 1022 2443 1165 2508; x_wconf 86' lang='lat' dir='ltr'><strong>flumina</strong></span> 
     </span>
     <span class='ocr_line' id='line_1_21' title="bbox 220 2541 1164 2627; baseline 0.002 -21"><span class='ocrx_word' id='word_1_126' title='bbox 220 2541 393 2608; x_wconf 86' lang='lat' dir='ltr'><strong>Kenetam</strong></span> <span class='ocrx_word' id='word_1_127' title='bbox 415 2550 451 2608; x_wconf 90' lang='lat' dir='ltr'><strong>et</strong></span> <span class='ocrx_word' id='word_1_128' title='bbox 464 2541 671 2608; x_wconf 87' lang='lat' dir='ltr'><strong>Tamensem</strong></span> <span class='ocrx_word' id='word_1_129' title='bbox 693 2541 886 2619; x_wconf 89' lang='lat' dir='ltr'><strong>constituit,</strong></span> <span class='ocrx_word' id='word_1_130' title='bbox 903 2542 980 2608; x_wconf 90' lang='lat' dir='ltr'><strong>loco</strong></span> <span class='ocrx_word' id='word_1_131' title='bbox 996 2543 1056 2608; x_wconf 88' lang='lat' dir='ltr'><strong>ubi</strong></span> <span class='ocrx_word' id='word_1_132' title='bbox 1076 2564 1164 2627; x_wconf 89' lang='lat' dir='ltr'><strong>pene</strong></span> 
     </span>
     <span class='ocr_line' id='line_1_22' title="bbox 219 2641 1164 2724; baseline 0.001 -18"><span class='ocrx_word' id='word_1_133' title='bbox 219 2643 371 2706; x_wconf 88' lang='lat' dir='ltr'><strong>omnium</strong></span> <span class='ocrx_word' id='word_1_134' title='bbox 394 2642 632 2706; x_wconf 81' lang='lat' dir='ltr'><strong>itinerantium</strong></span> <span class='ocrx_word' id='word_1_135' title='bbox 650 2641 694 2706; x_wconf 93' lang='lat' dir='ltr'><strong>ad</strong></span> <span class='ocrx_word' id='word_1_136' title='bbox 711 2642 949 2724; x_wconf 87' lang='lat' dir='ltr'><strong>populosiores</strong></span> <span class='ocrx_word' id='word_1_137' title='bbox 972 2644 1076 2706; x_wconf 88' lang='lat' dir='ltr'><strong>urbes</strong></span> <span class='ocrx_word' id='word_1_138' title='bbox 1088 2642 1164 2707; x_wconf 87' lang='lat' dir='ltr'><strong>An·</strong></span> 
     </span>
     <span class='ocr_line' id='line_1_23' title="bbox 219 2739 1164 2823; baseline 0.004 -21"><span class='ocrx_word' id='word_1_139' title='bbox 219 2739 299 2820; x_wconf 78' lang='lat' dir='ltr'><strong>gliae</strong></span> <span class='ocrx_word' id='word_1_140' title='bbox 316 2747 433 2822; x_wconf 91' lang='lat' dir='ltr'><strong>posset</strong></span> <span class='ocrx_word' id='word_1_141' title='bbox 453 2759 529 2804; x_wconf 89' lang='lat' dir='ltr'><strong>esse</strong></span> <span class='ocrx_word' id='word_1_142' title='bbox 543 2739 791 2819; x_wconf 82' lang='lat' dir='ltr'><strong>diversorium3</strong></span> <span class='ocrx_word' id='word_1_143' title='bbox 814 2740 999 2823; x_wconf 89' lang='lat' dir='ltr'><strong>posuitque</strong></span> <span class='ocrx_word' id='word_1_144' title='bbox 1021 2742 1069 2806; x_wconf 89' lang='lat' dir='ltr'><strong>ibi</strong></span> <span class='ocrx_word' id='word_1_145' title='bbox 1089 2762 1164 2806; x_wconf 91' lang='lat' dir='ltr'><strong>mo·</strong></span> 
     </span>
     <span class='ocr_line' id='line_1_24' title="bbox 218 2837 1164 2923; baseline 0.004 -23"><span class='ocrx_word' id='word_1_146' title='bbox 218 2837 347 2902; x_wconf 86' lang='lat' dir='ltr'><strong>nachos</strong></span> <span class='ocrx_word' id='word_1_147' title='bbox 366 2838 624 2917; x_wconf 78' lang='lat' dir='ltr'><strong>cluniacenses,</strong></span> <span class='ocrx_word' id='word_1_148' title='bbox 638 2840 699 2923; x_wconf 93' lang='lat' dir='ltr'><strong>qui</strong></span> <span class='ocrx_word' id='word_1_149' title='bbox 724 2845 806 2904; x_wconf 87' lang='lat' dir='ltr'><strong>sunt</strong></span> <span class='ocrx_word' id='word_1_150' title='bbox 832 2837 933 2903; x_wconf 91' lang='lat' dir='ltr'><strong>hodie</strong></span> <span class='ocrx_word' id='word_1_151' title='bbox 958 2841 1164 2922; x_wconf 86' lang='lat' dir='ltr'><strong>praeclarum</strong></span> 
     </span>
    </p>

    <p class='ocr_par' dir='ltr' id='par_1_4' title="bbox 185 2937 1165 4103">
     <span class='ocr_line' id='line_1_25' title="bbox 185 2937 1165 3021; baseline 0.003 -21"><span class='ocrx_word' id='word_1_152' title='bbox 185 2993 187 2998; x_wconf 94' lang='lat'><em>.</em></span> <span class='ocrx_word' id='word_1_153' title='bbox 218 2937 415 3002; x_wconf 86' lang='lat' dir='ltr'><strong>sanctitatis</strong></span> <span class='ocrx_word' id='word_1_154' title='bbox 438 2938 647 3020; x_wconf 85' lang='lat' dir='ltr'><strong>exemplum,</strong></span> <span class='ocrx_word' id='word_1_155' title='bbox 669 2937 918 3021; x_wconf 85' lang='lat' dir='ltr'><strong>hospitalitatis</strong></span> <span class='ocrx_word' id='word_1_156' title='bbox 934 2938 1115 3004; x_wconf 84' lang='lat' dir='ltr'><strong>indefessae</strong></span> <span class='ocrx_word' id='word_1_157' title='bbox 1128 2947 1165 3004; x_wconf 90' lang='lat' dir='ltr'><strong>et</strong></span> 
     </span>
     <span class='ocr_line' id='line_1_26' title="bbox 217 3035 1164 3120; baseline 0.003 -21"><span class='ocrx_word' id='word_1_158' title='bbox 217 3035 329 3100; x_wconf 89' lang='lat' dir='ltr'><strong>dulcis</strong></span> <span class='ocrx_word' id='word_1_159' title='bbox 350 3037 534 3102; x_wconf 87' lang='lat' dir='ltr'><strong>indicium:</strong></span> <span class='ocrx_word' id='word_1_160' title='bbox 568 3037 686 3101; x_wconf 85' lang='lat' dir='ltr'><strong>videas</strong></span> <span class='ocrx_word' id='word_1_161' title='bbox 715 3037 879 3120; x_wconf 90' lang='lat' dir='ltr'><strong>ibiquod</strong></span> <span class='ocrx_word' id='word_1_162' title='bbox 906 3057 976 3102; x_wconf 90' lang='lat' dir='ltr'><strong>non</strong></span> <span class='ocrx_word' id='word_1_163' title='bbox 1003 3038 1098 3116; x_wconf 88' lang='lat' dir='ltr'><strong>alibi,</strong></span> <span class='ocrx_word' id='word_1_164' title='bbox 1125 3045 1164 3102; x_wconf 92' lang='lat' dir='ltr'><strong>ut</strong></span> 
     </span>
     <span class='ocr_line' id='line_1_27' title="bbox 217 3134 1163 3218; baseline 0.003 -21"><span class='ocrx_word' id='word_1_165' title='bbox 217 3134 296 3216; x_wconf 89' lang='lat' dir='ltr'><strong>plus</strong></span> <span class='ocrx_word' id='word_1_166' title='bbox 310 3134 476 3217; x_wconf 87' lang='lat' dir='ltr'><strong>hospites,</strong></span> <span class='ocrx_word' id='word_1_167' title='bbox 490 3135 574 3200; x_wconf 90' lang='lat' dir='ltr'><strong>totis</strong></span> <span class='ocrx_word' id='word_1_168' title='bbox 588 3135 681 3200; x_wconf 91' lang='lat' dir='ltr'><strong>horis</strong></span> <span class='ocrx_word' id='word_1_169' title='bbox 697 3135 888 3212; x_wconf 89' lang='lat' dir='ltr'><strong>venientes,</strong></span> <span class='ocrx_word' id='word_1_170' title='bbox 902 3155 1006 3218; x_wconf 92' lang='lat' dir='ltr'><strong>quam</strong></span> <span class='ocrx_word' id='word_1_171' title='bbox 1027 3137 1163 3216; x_wconf 81' lang='lat' dir='ltr'><strong>inhabi-</strong></span> 
     </span>
     <span class='ocr_line' id='line_1_28' title="bbox 218 3233 1163 3317; baseline 0.002 -20"><span class='ocrx_word' id='word_1_172' title='bbox 218 3239 333 3298; x_wconf 85' lang='lat' dir='ltr'><strong>tantes</strong></span> <span class='ocrx_word' id='word_1_173' title='bbox 347 3235 532 3298; x_wconf 88' lang='lat' dir='ltr'><strong>insumant.</strong></span> <span class='ocrx_word' id='word_1_174' title='bbox 587 3233 852 3317; x_wconf 86' lang='lat' dir='ltr'><strong>Praeproperum</strong></span> <span class='ocrx_word' id='word_1_175' title='bbox 873 3253 928 3298; x_wconf 91' lang='lat' dir='ltr'><strong>me</strong></span> <span class='ocrx_word' id='word_1_176' title='bbox 950 3243 986 3298; x_wconf 90' lang='lat' dir='ltr'><strong>et</strong></span> <span class='ocrx_word' id='word_1_177' title='bbox 1004 3235 1163 3300; x_wconf 89' lang='lat' dir='ltr'><strong>adulato-</strong></span> 
     </span>
     <span class='ocr_line' id='line_1_29' title="bbox 217 3331 1163 3415; baseline 0.004 -21"><span class='ocrx_word' id='word_1_178' title='bbox 217 3350 289 3395; x_wconf 92' lang='lat' dir='ltr'><strong>rem</strong></span> <span class='ocrx_word' id='word_1_179' title='bbox 304 3331 450 3397; x_wconf 84' lang='lat' dir='ltr'><strong>fortasse</strong></span> <span class='ocrx_word' id='word_1_180' title='bbox 465 3333 544 3415; x_wconf 87' lang='lat' dir='ltr'><strong>quis</strong></span> <span class='ocrx_word' id='word_1_181' title='bbox 558 3331 699 3409; x_wconf 86' lang='lat' dir='ltr'><strong>dixerit,</strong></span> <span class='ocrx_word' id='word_1_182' title='bbox 708 3331 801 3414; x_wconf 93' lang='lat' dir='ltr'><strong>quod</strong></span> <span class='ocrx_word' id='word_1_183' title='bbox 817 3352 908 3397; x_wconf 89' lang='lat' dir='ltr'><strong>nunc</strong></span> <span class='ocrx_word' id='word_1_184' title='bbox 919 3332 1066 3414; x_wconf 88' lang='lat' dir='ltr'><strong>primum</strong></span> <span class='ocrx_word' id='word_1_185' title='bbox 1082 3353 1163 3398; x_wconf 89' lang='lat' dir='ltr'><strong>nas·</strong></span> 
     </span>
     <span class='ocr_line' id='line_1_30' title="bbox 220 3430 1164 3513; baseline 0.002 -19"><span class='ocrx_word' id='word_1_186' title='bbox 220 3437 354 3496; x_wconf 89' lang='lat' dir='ltr'><strong>centem</strong></span> <span class='ocrx_word' id='word_1_187' title='bbox 376 3430 577 3513; x_wconf 78' lang='lat' dir='ltr'><strong>religionem</strong></span> <span class='ocrx_word' id='word_1_188' title='bbox 599 3437 697 3496; x_wconf 90' lang='lat' dir='ltr'><strong>tanto</strong></span> <span class='ocrx_word' id='word_1_189' title='bbox 719 3430 859 3494; x_wconf 88' lang='lat' dir='ltr'><strong>efferam</strong></span> <span class='ocrx_word' id='word_1_190' title='bbox 883 3432 1070 3513; x_wconf 88' lang='lat' dir='ltr'><strong>praeconio,</strong></span> <span class='ocrx_word' id='word_1_191' title='bbox 1103 3452 1164 3496; x_wconf 93' lang='lat' dir='ltr'><strong>ne·</strong></span> 
     </span>
     <span class='ocr_line' id='line_1_31' title="bbox 217 3528 1164 3616; baseline 0.003 -24"><span class='ocrx_word' id='word_1_192' title='bbox 217 3529 329 3592; x_wconf 89' lang='lat' dir='ltr'><strong>sciens</strong></span> <span class='ocrx_word' id='word_1_193' title='bbox 357 3529 441 3611; x_wconf 91' lang='lat' dir='ltr'><strong>quid</strong></span> <span class='ocrx_word' id='word_1_194' title='bbox 467 3535 616 3594; x_wconf 86' lang='lat' dir='ltr'><strong>ventura</strong></span> <span class='ocrx_word' id='word_1_195' title='bbox 640 3529 755 3612; x_wconf 87' lang='lat' dir='ltr'><strong>pariat</strong></span> <span class='ocrx_word' id='word_1_196' title='bbox 786 3529 880 3609; x_wconf 83' lang='lat' dir='ltr'><strong>dios3</strong></span> <span class='ocrx_word' id='word_1_197' title='bbox 914 3529 976 3594; x_wconf 89' lang='lat' dir='ltr'><strong>sed</strong></span> <span class='ocrx_word' id='word_1_198' title='bbox 1004 3529 1071 3612; x_wconf 89' lang='lat' dir='ltr'><strong>ipsi</strong></span> <span class='ocrx_word' id='word_1_199' title='bbox 1105 3528 1164 3616; x_wconf 91' lang='lat' dir='ltr'><strong>(ut</strong></span> 
     </span>
     <span class='ocr_line' id='line_1_32' title="bbox 217 3625 1163 3712; baseline 0.002 -22"><span class='ocrx_word' id='word_1_200' title='bbox 217 3625 336 3712; x_wconf 88' lang='lat' dir='ltr'><strong>spero)</strong></span> <span class='ocrx_word' id='word_1_201' title='bbox 354 3646 432 3692; x_wconf 92' lang='lat' dir='ltr'><strong>cum</strong></span> <span class='ocrx_word' id='word_1_202' title='bbox 450 3628 518 3691; x_wconf 91' lang='lat' dir='ltr'><strong>Dei</strong></span> <span class='ocrx_word' id='word_1_203' title='bbox 539 3630 664 3709; x_wconf 75' lang='lat' dir='ltr'><strong>gratia,</strong></span> <span class='ocrx_word' id='word_1_204' title='bbox 676 3627 851 3692; x_wconf 88' lang='lat' dir='ltr'><strong>enitentur</strong></span> <span class='ocrx_word' id='word_1_205' title='bbox 872 3634 912 3692; x_wconf 95' lang='lat' dir='ltr'><strong>ut</strong></span> <span class='ocrx_word' id='word_1_206' title='bbox 934 3629 970 3691; x_wconf 90' lang='lat' dir='ltr'><strong>in</strong></span> <span class='ocrx_word' id='word_1_207' title='bbox 991 3629 1082 3692; x_wconf 91' lang='lat' dir='ltr'><strong>bono</strong></span> <span class='ocrx_word' id='word_1_208' title='bbox 1099 3628 1163 3692; x_wconf 92' lang='lat' dir='ltr'><strong>du·</strong></span> 
     </span>
     <span class='ocr_line' id='line_1_33' title="bbox 216 3725 1161 3808; baseline 0.001 -20"><span class='ocrx_word' id='word_1_209' title='bbox 216 3733 304 3790; x_wconf 89' lang='lat' dir='ltr'><strong>rent.</strong></span> <span class='ocrx_word' id='word_1_210' title='bbox 337 3725 413 3808; x_wconf 79' lang='lat' dir='ltr'><strong>Ego</strong></span> <span class='ocrx_word' id='word_1_211' title='bbox 429 3745 499 3790; x_wconf 91' lang='lat' dir='ltr'><strong>non</strong></span> <span class='ocrx_word' id='word_1_212' title='bbox 515 3728 678 3790; x_wconf 89' lang='lat' dir='ltr'><strong>erubesco</strong></span> <span class='ocrx_word' id='word_1_213' title='bbox 692 3726 722 3789; x_wconf 89' lang='lat' dir='ltr'><strong>si</strong></span> <span class='ocrx_word' id='word_1_214' title='bbox 738 3726 869 3789; x_wconf 89' lang='lat' dir='ltr'><strong>sanctis</strong></span> <span class='ocrx_word' id='word_1_215' title='bbox 885 3725 968 3790; x_wconf 87' lang='lat' dir='ltr'><strong>viris</strong></span> <span class='ocrx_word' id='word_1_216' title='bbox 983 3726 1161 3807; x_wconf 88' lang='lat' dir='ltr'><strong>blandiar;</strong></span> 
     </span>
     <span class='ocr_line' id='line_1_34' title="bbox 219 3823 1162 3906; baseline 0.002 -19"><span class='ocrx_word' id='word_1_217' title='bbox 219 3831 254 3889; x_wconf 89' lang='lat' dir='ltr'><strong>et</strong></span> <span class='ocrx_word' id='word_1_218' title='bbox 270 3825 398 3888; x_wconf 90' lang='lat' dir='ltr'><strong>bonum</strong></span> <span class='ocrx_word' id='word_1_219' title='bbox 411 3824 503 3906; x_wconf 91' lang='lat' dir='ltr'><strong>quod</strong></span> <span class='ocrx_word' id='word_1_220' title='bbox 519 3824 556 3887; x_wconf 91' lang='lat' dir='ltr'><strong>in</strong></span> <span class='ocrx_word' id='word_1_221' title='bbox 571 3844 625 3888; x_wconf 89' lang='lat' dir='ltr'><strong>me</strong></span> <span class='ocrx_word' id='word_1_222' title='bbox 640 3844 709 3888; x_wconf 90' lang='lat' dir='ltr'><strong>non</strong></span> <span class='ocrx_word' id='word_1_223' title='bbox 719 3823 843 3901; x_wconf 89' lang='lat' dir='ltr'><strong>habeo,</strong></span> <span class='ocrx_word' id='word_1_224' title='bbox 860 3823 897 3886; x_wconf 91' lang='lat' dir='ltr'><strong>in</strong></span> <span class='ocrx_word' id='word_1_225' title='bbox 911 3823 989 3887; x_wconf 86' lang='lat' dir='ltr'><strong>aliis</strong></span> <span class='ocrx_word' id='word_1_226' title='bbox 1003 3823 1162 3889; x_wconf 89' lang='lat' dir='ltr'><strong>admirer.</strong></span> 
     </span>
     <span class='ocr_line' id='line_1_35' title="bbox 218 3921 1164 3988; baseline 0.003 -3"><span class='ocrx_word' id='word_1_227' title='bbox 218 3921 449 3987; x_wconf 87' lang='lat' dir='ltr'><strong>Investituras</strong></span> <span class='ocrx_word' id='word_1_228' title='bbox 462 3921 684 3987; x_wconf 85' lang='lat' dir='ltr'><strong>ecclesiarum</strong></span> <span class='ocrx_word' id='word_1_229' title='bbox 698 3923 775 3988; x_wconf 90' lang='lat' dir='ltr'><strong>Deo</strong></span> <span class='ocrx_word' id='word_1_230' title='bbox 790 3929 827 3987; x_wconf 90' lang='lat' dir='ltr'><strong>et</strong></span> <span class='ocrx_word' id='word_1_231' title='bbox 847 3929 969 3987; x_wconf 88' lang='lat' dir='ltr'><strong>sancto</strong></span> <span class='ocrx_word' id='word_1_232' title='bbox 986 3921 1092 3987; x_wconf 85' lang='lat' dir='ltr'><strong>Petro</strong></span> <span class='ocrx_word' id='word_1_233' title='bbox 1109 3944 1164 3988; x_wconf 89' lang='lat' dir='ltr'><strong>re·</strong></span> 
     </span>
     <span class='ocr_line' id='line_1_36' title="bbox 217 4020 1164 4103; baseline 0.006 -22"><span class='ocrx_word' id='word_1_234' title='bbox 217 4021 322 4098; x_wconf 90' lang='lat' dir='ltr'><strong>misit,</strong></span> <span class='ocrx_word' id='word_1_235' title='bbox 354 4028 435 4103; x_wconf 90' lang='lat' dir='ltr'><strong>post</strong></span> <span class='ocrx_word' id='word_1_236' title='bbox 467 4021 594 4084; x_wconf 88' lang='lat' dir='ltr'><strong>multas</strong></span> <span class='ocrx_word' id='word_1_237' title='bbox 622 4020 876 4086; x_wconf 87' lang='lat' dir='ltr'><strong>controversias</strong></span> <span class='ocrx_word' id='word_1_238' title='bbox 901 4021 992 4085; x_wconf 90' lang='lat' dir='ltr'><strong>inter</strong></span> <span class='ocrx_word' id='word_1_239' title='bbox 1019 4041 1097 4085; x_wconf 91' lang='lat' dir='ltr'><strong>eum</strong></span> <span class='ocrx_word' id='word_1_240' title='bbox 1128 4031 1164 4087; x_wconf 89' lang='lat' dir='ltr'><strong>et</strong></span> 
     </span>
    </p>
   </div>
   <div class='ocr_carea' id='block_1_3' title="bbox 410 4253 978 4321">
    <p class='ocr_par' dir='ltr' id='par_1_5' title="bbox 410 4253 978 4321">
     <span class='ocr_line' id='line_1_37' title="bbox 410 4253 978 4321; baseline 0.004 -15"><span class='ocrx_word' id='word_1_241' title='bbox 410 4253 418 4287; x_wconf 92' lang='lat'>¹</span> <span class='ocrx_word' id='word_1_242' title='bbox 431 4253 541 4317; x_wconf 70' lang='lat' dir='ltr'><strong>Amore]</strong></span> <span class='ocrx_word' id='word_1_243' title='bbox 561 4255 595 4308; x_wconf 77' lang='lat' dir='ltr'><strong>A.</strong></span> <span class='ocrx_word' id='word_1_244' title='bbox 608 4257 637 4308; x_wconf 78' lang='lat' dir='ltr'><strong>S.</strong></span> <span class='ocrx_word' id='word_1_245' title='bbox 651 4258 680 4307; x_wconf 80' lang='lat' dir='ltr'><strong>G.</strong></span> <span class='ocrx_word' id='word_1_246' title='bbox 693 4258 728 4309; x_wconf 89' lang='lat' dir='ltr'><strong>D.</strong></span> <span class='ocrx_word' id='word_1_247' title='bbox 740 4259 762 4308; x_wconf 83' lang='lat' dir='ltr'><em>L</em></span> <span class='ocrx_word' id='word_1_248' title='bbox 772 4262 799 4309; x_wconf 65' lang='grc' dir='ltr'><strong>Β.</strong></span> <span class='ocrx_word' id='word_1_249' title='bbox 811 4273 819 4319; x_wconf 87' lang='lat'>;</span> <span class='ocrx_word' id='word_1_250' title='bbox 833 4259 934 4321; x_wconf 79' lang='lat' dir='ltr'><strong>amoris,</strong></span> <span class='ocrx_word' id='word_1_251' title='bbox 945 4258 978 4308; x_wconf 85' lang='grc' dir='ltr'><strong>Ε.</strong></span> 
     </span>
    </p>
   </div>
   <div class='ocr_carea' id='block_1_4' title="bbox 0 0 1578 5025">
    <p class='ocr_par' dir='ltr' id='par_1_6' title="bbox 0 0 1578 5025">
     <span class='ocr_line' id='line_1_38' title="bbox 0 0 1578 5025; baseline 0 0"><span class='ocrx_word' id='word_1_252' title='bbox 0 0 1578 5025; x_wconf 95' lang='lat' dir='ltr'><strong> </strong></span> 
     </span>
    </p>
   </div>
  </div>
 </body>
</html>
