3142 5025
216 576 286 626 ura.
308 560 374 640 rv.]
449 576 562 624 onera
581 575 709 624 arcun
732 577 947 624 nnononun.
1099 561 1165 626 583

213 733 359 796 cessitas
376 753 448 816 qua
468 733 650 816 intercepti
675 741 776 797 erant
791 733 890 810 aluit,
904 740 940 797 et
953 734 1163 799 ministravit
1174 759 1271 801 rna-n
1287 761 1289 766 ·

214 833 415 913 audaciam3
442 840 478 897 et
499 835 601 915 pauci
615 841 776 916 terraque
794 835 949 916 marique
963 835 1162 899 innumeras
1173 810 1323 902 liffeim

214 933 408 996 sustinuere
430 952 565 997 manus.
618 932 792 1016 Namque,
815 940 855 997 ut
867 934 979 998 visum
1001 941 1055 998 est
1076 937 1162 1000 satis

214 1039 344 1096 metum
369 1033 522 1109 fluxuse,
546 1032 709 1097 confertis
730 1032 908 1096 ordinibus
930 1040 966 1097 et
987 1035 1162 1100 conversis

213 1131 324 1213 signis
337 1133 495 1196 inimicos
505 1133 581 1216 jam
587 1132 730 1214 jamque
741 1132 958 1196 incursantes
969 1132 1160 1214 includere3

212 1231 264 1294 ita
277 1250 379 1296 versa
401 1253 514 1296 rerum
539 1233 639 1310 facie,
662 1232 722 1313 qui
736 1231 892 1296 vicerant
907 1232 1002 1308 victi,
1026 1240 1062 1298 et
1077 1235 1160 1298 victi

213 1330 309 1395 suere
321 1333 482 1396 victores.
530 1330 639 1394 Turci
653 1329 847 1412 perniciosa
861 1331 958 1396 clade
976 1335 1157 1414 prostrati3
1172 1353 1257 1394 perat.
1266 1356 1302 1396 ne

212 1431 337 1514 reliqui
359 1431 403 1494 ad
426 1451 534 1496 naves
556 1431 728 1513 praecipiti
749 1431 865 1494 studio
881 1431 1067 1512 fugientes
1081 1452 1158 1496 cum
1170 1404 1248 1445 Tm*

210 1531 249 1594 in
265 1531 374 1594 altum
390 1531 469 1614 plus
480 1531 580 1615 jactu
596 1529 737 1613 sagittae
753 1531 1014 1612 processissent,
1031 1533 1081 1596 ita
1096 1551 1158 1595 na-

210 1630 343 1711 vigium
356 1632 459 1696 remis
481 1640 517 1696 et
537 1632 621 1696 totis
644 1630 841 1713 pectoribus
856 1630 967 1694 innixi
988 1631 1159 1713 propelle·

211 1730 309 1806 bant,
321 1731 422 1813 quasi
437 1731 597 1795 manibus
608 1730 882 1796 adversariorum
899 1730 943 1793 ad
958 1737 1084 1795 terram
1101 1752 1154 1795 re·

211 1829 303 1892 trabi
316 1837 469 1912 possent.
513 1831 560 1894 Et
573 1837 613 1893 ut
626 1830 830 1894 miraculum
845 1849 914 1894 non
932 1831 1022 1894 sicut
1036 1832 1157 1913 opina·

209 1928 279 1991 bile
300 1928 448 2006 dubites,
465 1929 526 1993 sed
547 1930 638 1993 sicut
654 1930 789 1994 visibile
805 1930 1056 2011 quodammodo
1079 1932 1156 2013 pal·

209 2046 283 2108 pes,
310 2028 525 2093 solummodo
547 2036 696 2111 quatuor
719 2028 908 2093 Christiani
933 2028 1059 2094 milites
1088 2032 1156 2095 fusi

209 2127 389 2191 victoriam
414 2129 550 2193 caeteris
564 2129 733 2210 sanguine
750 2147 913 2210 peperere
930 2147 1005 2193 suo.
1058 2129 1156 2208 Qua·

209 2234 352 2309 propter
380 2228 544 2292 confirmo
570 2228 662 2311 quod
689 2247 865 2310 nunquam
891 2227 1108 2293 Christicolae
1135 2248 1156 2292 a
1224 2291 1226 2296 .

210 2325 365 2408 Paganis
380 2329 599 2393 vincerentur
613 2328 644 2391 si
661 2334 742 2390 ante
767 2326 896 2390 bellum
920 2327 1156 2392 fortitudinem

208 2444 309 2490 suam
332 2428 532 2492 coelestibus
559 2428 719 2491 fulcirent
742 2427 922 2508 praesidiis,
945 2427 1039 2489 etin
1064 2428 1156 2492 bello

206 2528 313 2591 armis
344 2528 416 2591 suis
444 2530 574 2593 amicas
605 2546 808 2610 superorum
838 2527 1054 2610 applicarent
1084 2528 1155 2591 vir-

208 2633 320 2707 tutes;
344 2628 407 2691 sad
427 2628 511 2711 quia
534 2628 570 2691 in
589 2646 675 2710 pace
697 2627 855 2690 omnibus
878 2646 915 2690 se
936 2627 1156 2709 ingurgitant

209 2726 363 2808 flagitiis,
379 2736 415 2791 et
428 2729 465 2792 in
478 2747 597 2811 pugna
617 2727 694 2791 sola
714 2727 873 2790 nituntur
892 2727 1050 2803 audacia,
1065 2726 1155 2803 ideo,

208 2846 272 2889 nec
295 2827 478 2904 immerito,
492 2826 693 2891 multotiens
716 2826 882 2890 fortitudo
904 2844 1022 2889 eorum
1037 2826 1155 2889 deviat

207 2943 230 2988 a
246 2926 338 2989 bona
352 2927 503 2991 fortuna.
556 2926 681 2990 Comes
706 2944 790 3007 ergo
813 2924 956 3008 pulchro
980 2925 1154 3006 triumpho

206 3026 384 3103 exultans,
398 3045 476 3089 cum
498 3045 657 3090 reversus
679 3033 771 3088 esset
786 3025 832 3088 ad
852 3024 964 3107 spolia
985 3044 1153 3089 caesorum

207 3124 432 3201 detrahenda,
456 3145 526 3188 non
552 3143 681 3207 paucos
705 3123 840 3188 Turcos
866 3124 1009 3188 offendit
1034 3125 1153 3203 vivos3

207 3242 296 3305 quos
316 3224 433 3288 damni
449 3243 631 3306 corporum
653 3224 835 3299 immuneS,
849 3223 910 3287 sed
930 3223 1085 3305 pecuniis
1100 3225 1153 3287 in·

207 3342 306 3400 anes,
335 3323 496 3388 dimisit..
526 3322 608 3405 Ipse
632 3341 711 3385 cum
734 3322 819 3398 suis,
847 3342 891 3385 na
916 3322 1034 3403 aliqua
1058 3323 1154 3386 fraus

207 3420 345 3499 lateret,
369 3430 462 3486 retro
488 3422 663 3497 secedens,
685 3428 787 3485 nocte
812 3420 874 3483 illa
896 3422 960 3483 sub
984 3421 1154 3485 olivarum

206 3521 370 3603 virgultis
387 3521 575 3604 requievit:
600 3519 660 3583 sed
680 3539 762 3583 mox
777 3518 929 3583 diluculo
945 3539 1023 3584 cum
1047 3540 1153 3603 expe·

208 3619 290 3684 ditis
315 3622 359 3684 ad
382 3622 562 3703 angustias
584 3620 742 3695 accessit,
767 3618 834 3683 fide
858 3618 998 3683 oculata
1015 3621 1153 3684 visurus

207 3719 276 3783 loci
291 3728 471 3799 naturam3
494 3719 707 3801 intuitusque
724 3719 842 3781 omnia
856 3723 934 3781 tuta
951 3738 1037 3794 esse,
1054 3718 1151 3804 (nam

206 3818 314 3882 Turci
333 3820 393 3902 qui
414 3819 524 3903 pridie
546 3819 638 3882 circa
659 3825 810 3881 montem
826 3816 1035 3881 discursibus
1048 3818 1151 3882 lasci·

206 3920 354 3996 vierant,
382 3926 484 3984 nocte
520 3919 739 3999 intempesta,
770 3916 865 3979 caede
896 3936 1036 3980 suorum
1063 3917 1152 3993 visa,

206 4037 326 4081 omnes
349 4013 587 4100 diffugerant)
601 4015 851 4097 significatione
874 4015 959 4077 fumi
979 4015 1083 4093 facta,
1106 4018 1153 4079 si·

205 4124 266 4180 cut
289 4123 509 4192 convenerat,
538 4114 640 4179 sociis
669 4115 857 4177 discessum
888 4114 1039 4177 bostium
1072 4116 1153 4179 inti·

207 4217 329 4281 mavit.
382 4215 453 4292 Illi,
470 4234 642 4278 morarum
659 4212 807 4276 vinculis
830 4213 1011 4288 absolutis
1033 4213 1154 4277 ducem

205 4316 372 4379 continuo
394 4314 512 4378 secuti.
565 4313 664 4376 Tunc
683 4310 793 4374 Betiti
818 4309 1008 4375 admiratus
1025 4313 1154 4377 victum

962 4427 978 4471 2
990 4438 1006 4471 u
1018 4428 1033 4471 2
