3142 5025
220 524 360 606 mnu]
451 540 564 589 unsri
588 540 716 591 nncuu
741 541 956 590 Ancuonuu.
1108 524 1177 590 649

221 715 291 760 non
313 695 473 761 clationis
496 695 640 774 ambitu,
666 696 727 759 sed
753 716 946 779 procerum,
961 704 997 761 et
1020 698 1172 761 maxime

161 870 165 879 ¹
219 796 357 860 comitis
374 795 416 860 de
432 795 601 860 Mellento
617 796 796 874 instinctu,
808 798 881 879 qui,
894 798 931 861 in
946 797 1012 861 hoc
1028 799 1170 879 negotio

219 896 332 977 magis
360 896 506 977 antiqua
531 896 779 960 consuetudine
806 915 913 977 quam
938 897 1024 961 recti
1049 904 1171 961 tenore

220 996 390 1060 rationem
421 996 658 1073 reverberans,
688 995 864 1077 allegabat
888 997 1037 1061 multum
1062 998 1169 1079 regies

221 1094 398 1179 majestati
414 1094 571 1171 diminui,
588 1094 630 1172 si,
648 1095 812 1159 omittens
826 1115 957 1159 morem
972 1102 1170 1161 antecesso-

220 1212 312 1271 rum,
325 1212 396 1257 non
418 1194 600 1259 investiret
624 1194 771 1258 electum
788 1214 850 1277 per
865 1195 1026 1259 baculum
1048 1202 1084 1260 ot
1105 1215 1170 1260 an-

220 1293 352 1357 nulum.
403 1292 642 1357 Veruntamen
673 1312 751 1371 rex,
773 1294 974 1376 diligentius
1009 1295 1168 1377 inspecto

220 1392 304 1475 quid
332 1392 451 1457 vivida
474 1393 699 1475 epistolarum
730 1394 833 1470 ratio,
861 1393 944 1475 quid
972 1392 1168 1459 divinorum

220 1510 400 1557 munerum
417 1492 454 1555 in
475 1511 512 1555 se
527 1492 674 1555 ubertim
688 1491 866 1556 confluens
883 1493 1083 1571 admoneret
1099 1493 1168 1557 lar-

220 1592 319 1672 gitio,
343 1592 585 1655 investituram
611 1592 732 1655 annuli
757 1598 794 1654 et
814 1592 930 1655 baculi
955 1592 1100 1657 indulsit
1131 1594 1168 1657 in

218 1697 446 1773 perpetuum
472 1698 607 1755 retento
626 1684 779 1755 ¹tantum
806 1690 985 1755 electionis
1011 1699 1048 1756 et
1070 1712 1169 1773 rega·
1229 1757 1243 1773 ¹,
1277 1726 1324 1750 .-

220 1790 305 1853 lium
329 1789 524 1871 privilegio.
577 1790 709 1855 Coacto
738 1809 821 1872 ergo
840 1790 934 1874 apud
951 1790 1168 1856 Londoniam

220 1908 348 1971 magno
384 1889 624 1972 episcoporum
657 1894 692 1953 et
724 1908 906 1971 procerum
937 1891 1169 1973 abbatumque

221 1989 379 2065 concilio,
411 1988 522 2052 multa
551 1988 864 2053 ecclesiasticarum
896 1996 932 2053 et
962 1990 1168 2054 secularium

221 2107 336 2151 rerum
369 2087 530 2152 ordinata
558 2088 711 2169 negotia,
746 2088 863 2152 decisa
896 2088 1022 2169 litigia.
1091 2088 1168 2154 Nec

221 2188 331 2252 multo
357 2193 449 2269 post,
469 2206 539 2251 uno
561 2187 618 2251 die
639 2186 793 2269 quinque
818 2194 900 2251 sunt
923 2187 1073 2252 ordinati
1095 2190 1168 2273 epi-

221 2287 318 2370 scopi
334 2288 370 2351 in
387 2285 515 2351 Cantia
530 2288 575 2350 ab
592 2286 758 2351 Anselmo
775 2286 1053 2368 archiepiscopo:
1077 2287 1168 2352 wil-

221 2386 345 2451 lelmus
360 2386 415 2475 ad
431 2385 660 2464 Wintoniam,
677 2385 853 2467 Rogerius
877 2384 921 2448 ad
934 2384 1169 2465 Sulcsbiriam,

223 2482 420 2552 Willelmns
446 2485 490 2550 ad
513 2484 696 2565 Exoniam,
721 2484 917 2550 Rainaldus
939 2484 984 2548 ad
1002 2484 1169 2551 Heresor·

223 2586 317 2664 dum,
340 2586 504 2651 Urbanus
529 2586 574 2651 ad
598 2585 827 2668 Glamorgan.
881 2585 1008 2667 Itaque
1032 2594 1170 2650 contro-

223 2687 338 2750 versia
362 2686 600 2769 frequentibus
626 2684 901 2750 dissensionibus
921 2686 1067 2766 agitata,
1093 2685 1171 2768 plu·

222 2786 309 2848 rimo
329 2783 484 2849 Anselmi
501 2784 546 2850 ad
563 2785 713 2849 Romam
735 2785 788 2849 itu
808 2792 844 2849 et
859 2784 972 2854 reditu
989 2785 1169 2863 ventilata,

222 2883 430 2948 laudabilem
444 2884 544 2948 tinem
561 2885 706 2967 accepit.

274 2983 378 3068 §tls
396 2983 498 3048 Uxor
514 2977 623 3065 ²regis
638 3003 684 3048 ex
700 2983 845 3066 antiqua
859 2990 894 3048 et
910 2984 1038 3049 illustri
1049 3003 1168 3067 regum
1181 3006 1309 3053 amunta

223 3085 331 3166 stirpe
355 3083 532 3148 descendit
561 3083 732 3161 Matildis,
756 3082 830 3147 lilia
853 3085 946 3166 regis
971 3084 1169 3149 Scottorum
1181 3056 1312 3148 lirur‘ssnm'

222 3181 280 3268 (ut
295 3179 507 3266 praedixi),a
524 3184 651 3247 teneris
668 3183 769 3246 annis
787 3183 878 3246 inter
890 3184 1171 3248 sanctimoniales

224 3283 316 3365 apud
340 3282 547 3346 Wiltouiam
571 3289 607 3346 et
634 3281 839 3345 Rumesium
869 3281 1029 3360 educata,
1060 3283 1171 3347 literis

222 3401 361 3464 quoque
392 3381 593 3446 foemineum
623 3387 746 3463 pectus
778 3381 949 3444 exercuit.
1000 3381 1103 3447 Unde
1131 3389 1172 3446 nt

223 3481 394 3562 ignobiles
421 3481 561 3562 nuptias
596 3485 787 3562 respueret,
813 3479 999 3562 plusquam
1021 3482 1128 3544 semel
1150 3500 1172 3545 a

223 3588 324 3662 patre
350 3580 499 3657 oblatas
524 3580 665 3662 peplum
682 3573 847 3642 ³sacratae
870 3578 1094 3660 professionis
1119 3579 1172 3643 in·

223 3681 292 3744 dex
321 3679 492 3762 gestavit:
532 3684 757 3761 quapropter,
785 3697 863 3741 cum
890 3696 953 3740 rex
977 3670 1174 3760 &suscipere

222 3778 330 3844 -vellet
345 3797 421 3843 eam
434 3777 601 3855 thalamo,
612 3771 685 3840 ⁶res
701 3777 738 3840 in
752 3775 1039 3858 disceptationem
1054 3779 1172 3859 venit3

257 3980 266 4013 ¹
280 3981 404 4044 Tantum]
421 3979 456 4030 A.
476 3981 506 4029 0.
518 3980 554 4029 D.
566 3981 598 4030 E.
610 3980 686 4041 Ln.;
748 3975 759 4007 ⁴
776 3979 905 4042 Suscipere
921 3971 1015 4046 renea]
1037 3977 1071 4029 A.
1087 3978 1122 4030 D.
1141 3981 1174 4029 n.

223 4056 316 4113 umen,
328 4051 357 4100 S.
712 4049 783 4110 ΒΜ
800 4050 950 4111 susciperet,
960 4047 990 4098 S.
1003 4049 1033 4098 G.
1259 4050 1261 4054 '

258 4117 379 4182 ²Regia]
396 4116 430 4168 A.
443 4106 516 4168 S.'C.
530 4118 603 4179 ΕΜ
620 4119 686 4181 ejus,

223 4191 276 4250 D.;
293 4188 424 4252 regi‚El.
437 4188 495 4237 Μ.
746 4185 820 4237 ‘Res
838 4187 865 4236 in
880 4185 1175 4253 summram]

259 4253 414 4326 ’Secutast
431 4257 465 4308 A.
479 4259 508 4308 C.
521 4257 557 4306 D.
571 4257 602 4306 Ε.
615 4257 686 4317 ΕΜ
712 4257 759 4306 See
780 4256 900 4319 Eudmer,
915 4256 985 4308 Hist.
998 4257 1066 4307 Nor.
1077 4271 1121 4320 pp.
1134 4260 1177 4321 td,

222 4333 327 4392 sanctae,
338 4329 367 4379 S.
712 4330 753 4376 ot.
