3142 5025
251 781 377 821 Jerusalem.

251 832 307 872 AD.
317 832 373 871 luet.

411 531 477 597 560
627 546 741 595 essm
765 545 892 594 neuun
916 524 1132 593 nncuonun.
1212 530 1363 610 [urnrv.

463 703 481 787 ς
495 703 572 768 366.
595 703 663 767 Sed
679 721 769 780 cum,
788 695 869 767 ¹sex
884 701 1059 767 mensibus
1076 699 1272 767 Antiochiae
1288 722 1361 766 mo-

412 805 492 880 rati,
515 803 710 887 praeteritos
728 803 864 866 labores
887 808 959 866 tam
976 802 1139 866 diuturna
1152 802 1269 884 quiete
1285 804 1361 867 abs-

411 903 606 980 tersissent,
638 903 704 967 iter
727 929 730 934 ·
737 901 943 987 jamdudum
977 903 1152 984 inceptum
1187 921 1361 966 resumere

412 1003 678 1067 meditabantur.
736 1001 943 1083 Primusque
974 999 1205 1088 Raimundus‚
1231 1001 1361 1066 nullius

412 1122 574 1184 unquam.
591 1101 742 1184 ignaviae
765 1102 938 1178 consciuS,
963 1107 999 1164 et
1020 1102 1077 1164 cui
1102 1120 1237 1182 semper
1258 1095 1360 1165 ²cura

412 1202 560 1284 primum
583 1202 620 1265 in
645 1202 825 1284 procinctu
848 1200 991 1265 militari
1012 1219 1100 1278 esse,
1122 1207 1259 1282 etpost
1280 1221 1359 1265 eum

413 1300 560 1366 Roberti
586 1309 622 1366 et
638 1299 862 1390 Godefridus,
876 1294 959 1364 liter
976 1300 1089 1364 adorti
1105 1320 1113 1379 ;
1137 1299 1248 1365 solum
1266 1302 1359 1365 Boa-

411 1401 577 1466 mundum
602 1400 853 1465 florentissimae
881 1399 1033 1465 civitatis
1056 1407 1218 1481 aspectus
1240 1406 1277 1464 et
1298 1420 1359 1484 pe·

412 1502 591 1567 cuniarum
616 1501 725 1564 sames
748 1499 932 1575 continuit,
946 1573 949 1578 Δ
962 1507 1002 1564 ut
1030 1499 1168 1564 interim
1197 1499 1360 1564 differret.

413 1601 481 1665 Sed
512 1600 644 1665 latebat
677 1601 742 1663 sub
774 1598 963 1681 cupiditate
980 1600 1083 1663 'ratio
1113 1600 1361 1681 persuasibilis,

413 1720 483 1782 qua
497 1700 626 1764 diceret
637 1698 860 1763 Antiochiam
876 1718 944 1763 non
965 1699 1040 1762 sine
1064 1699 1220 1782 principe
1234 1699 1360 1763 'furcis

413 1799 653 1883 exponendam
669 1799 835 1863 continuo
850 1798 1068 1863 involaturis,
1121 1798 1259 1863 Residit
1275 1790 1360 1881 ergo

412 1899 449 1963 in
470 1900 574 1979 urbe;
597 1907 633 1964 et
655 1897 845 1964 Raimundi
860 1898 1026 1976 hemines,
1042 1898 1102 1980 qui
1117 1899 1230 1962 vicum
1252 1916 1359 1963 unum

413 2000 589 2076 tenebant,
621 1999 799 2081 improbus
832 2005 976 2062 exactor
998 1998 1168 2061 moenibus
1195 1990 1359 2081 *depulit

412 2096 463 2162 At
486 2118 569 2162 vero
597 2098 715 2163 coeteri
742 2093 822 2180 ⁶per
847 2097 1029 2180 Tripolim,
1061 2105 1096 2161 et
1124 2097 1292 2174 Beritum,
1324 2106 1360 2163 et

411 2196 557 2281 Tyrum,
581 2206 618 2262 et
634 2197 819 2281 sydonem,
844 2205 880 2263 et
896 2196 1103 2274 Aceronem,
1125 2204 1161 2260 et
1178 2196 1359 2280 Caipham,

412 2305 448 2361 et
466 2296 662 2363 Caesaream
680 2297 869 2362 Palestinae
884 2303 1115 2374 transeuntes,
1132 2298 1180 2360 ibi
1199 2315 1221 2360 a
1234 2298 1361 2362 dextra

412 2397 624 2476 dimittentes
649 2399 835 2475 maritima,
857 2404 1089 2480 pervenerunt
1104 2397 1314 2476 Remulam;
1338 2417 1360 2461 a

412 2497 618 2580 quibusdam
652 2498 853 2563 civitatibus
884 2503 1065 2580 gratanter
1094 2497 1244 2579 excepti,
1275 2518 1361 2581 qua-

412 2598 558 2663 rundam
581 2598 796 2683 subjectione
815 2598 979 2662 virtmmn
1002 2616 1101 2661 suam
1123 2598 1359 2679 insignientes.

415 2695 498 2761 Non
528 2699 620 2763 enim
649 2696 781 2762 diutius
818 2716 951 2761 moram
982 2697 1147 2779 protelari
1179 2697 1361 2761 consilium

413 2805 500 2875 crat,
533 2798 625 2880 quod
654 2796 785 2880 Aprilis
810 2798 939 2861 mensis
968 2804 1054 2873 erat,
1086 2804 1122 2860 et
1148 2803 1361 2879 campestres

413 2895 531 2979 fruges
553 2898 590 2961 in
614 2904 769 2961 maturas
791 2916 921 2961 messes
944 2896 1155 2961 coaluerant.
1209 2896 1361 2961 Remula

414 3003 468 3059 est
500 2996 696 3074 civitatula,
729 3017 828 3061 muro
855 2997 987 3078 indiga,
1020 2996 1115 3060 beati
1148 2993 1304 3078 Georgii,
1330 2998 1361 3061 si

414 3093 516 3158 samae
541 3095 723 3173 credimus,
746 3097 904 3180 martyrii
927 3096 1086 3175 conscia3
1119 3095 1219 3180 cujus
1243 3096 1291 3162 ibi
1317 3099 1362 3161 ab

414 3195 559 3277 antiquo
582 3194 762 3259 fundatam
793 3196 974 3261 ecclesiam
997 3195 1103 3258 Turci
1125 3196 1281 3259 nonnihil
1302 3197 1363 3261 de-

414 3292 660 3374 formaverant,
692 3302 776 3361 tuuc
807 3304 903 3361 metu
935 3295 1159 3372 Francorum,
1189 3297 1363 3379 subreptis

413 3394 572 3460 omnibus
611 3396 695 3473 suis,
731 3397 768 3460 in
796 3402 960 3459 montana
990 3394 1128 3477 dilapsi.
1196 3394 1363 3478 Sequenti

413 3512 526 3571 mane,
544 3494 649 3559 dubio
667 3495 780 3560 adhuc
802 3494 871 3557 diei
896 3501 932 3557 et
953 3494 1065 3557 noctis
1087 3493 1247 3573 confinio,
1265 3496 1362 3559 Tan·

355 3624 357 3628 ν
412 3592 535 3658 credus
557 3613 666 3677 nepos
688 3594 895 3670 Boamundi,
919 3600 1090 3678 praestans
1117 3594 1224 3658 animi
1251 3595 1362 3670 milae,

412 3695 560 3777 sumptis
582 3695 700 3772 armis,
716 3702 752 3759 et
768 3694 908 3777 quidam
930 3694 1002 3770 alii,
1023 3693 1204 3758 Bethleem
1224 3703 1363 3777 perten-
1385 3684 1387 3687 ⁵

448 3924 545 3987 ¹Sex.]
568 3924 602 3975 A.
617 3925 647 3974 G.
659 3924 692 3974 E.
705 3924 753 3984 1..;
769 3927 876 3987 septem,
935 3919 1082 3987 ⁴Depulit.]
1107 3922 1141 3974 A.
1154 3924 1189 3974 D.
1201 3925 1234 3974 E.
1246 3924 1296 3985 L.;
1319 3940 1365 3973 ex·

413 3994 442 4045 S.
455 3994 491 4044 D.
900 3992 975 4054 pulit,
986 3992 1014 4040 S.
1028 3994 1058 4042 C.

447 4092 559 4158 Ὀκτὼ]
575 4094 609 4144 A.
628 4095 658 4144 S.
676 4096 706 4145 C.
724 4095 759 4146 D.
776 4096 809 4145 E.
827 4095 875 4156 L.;
933 4059 1007 4110 Ἣ
1020 4062 1159 4143 ΤΤῆΡθῙῑΜ
1179 4062 1234 4145 'spe
1253 4068 1364 4125 greatest

412 4180 481 4213 curae
492 4166 554 4227 vita,
566 4165 595 4214 S,
612 4164 678 4231 (vm,
689 4161 761 4229 lect.)
899 4136 957 4192 part
972 4130 1001 4179 oi
1016 4132 1082 4181 therr
1096 4133 1182 4181 march
1200 4146 1222 4182 rs
1238 4137 1303 4183 most
1320 4148 1365 4182 ac·

900 4201 1014 4262 curately
1035 4202 1122 4251 traced
1144 4204 1171 4251 in
1194 4203 1363 4252 Maundrell’s

446 4263 530 4315 Πίον
551 4266 654 4329 adorti]
679 4267 713 4316 D.
734 4267 782 4327 E.;
806 4266 873 4315 viam
899 4271 1014 4332 Journey
1024 4270 1086 4321 from
1098 4273 1200 4335 Aleppo
1219 4278 1244 4322 to
1259 4275 1366 4324 Jerusa-

411 4336 502 4399 moliti,
511 4336 545 4387 A.
558 4336 592 4424 S.¹
601 4337 631 4386 G.
643 4336 675 4385 1..
899 4341 949 4389 lem
962 4338 1021 4406 (pp.
1034 4338 1157 4407 ll-ot).
