3142 5025
196 550 266 597 ms.
284 532 350 614 1v.]
425 547 540 596 cesus
563 547 690 596 aucun
715 548 929 623 naeuoaun.
1087 534 1155 600 493

200 706 329 783 comiti,
344 706 404 788 qni
417 725 496 770 enm
510 705 553 770 de
568 707 627 772 siti
647 725 712 771 sua
730 707 948 772 conveniant.
1003 705 1155 789 Impium

202 825 278 870 esse
300 813 341 869 ut
362 825 441 870 eum
463 825 556 888 aqua
577 813 732 885 arceant,
748 827 827 890 quae
851 813 944 872 esset
964 806 1156 870 eommunis

203 905 428 971 mortalibus:
452 905 565 984 aliter,
582 907 613 971 si
629 907 726 985 velit,
745 909 912 972 muntem
934 905 1156 989 experiatur;

203 1025 266 1069 nec
291 1012 426 1088 pugnet
450 1005 617 1072 violentia
649 1007 910 1083 elementorum,
941 1005 1003 1070 sed
1025 1006 1156 1069 virtute

202 1105 362 1169 militum.
413 1104 505 1169 Tum
521 1105 592 1182 ille,
607 1107 758 1188 genuina
770 1107 898 1170 mentis
911 1105 1056 1170 mollitie
1071 1104 1157 1168 flex-

203 1223 257 1280 us,
275 1223 358 1268 suos
375 1223 446 1286 qua
462 1207 725 1288 praetendebant
738 1207 854 1270 laxius
871 1205 998 1270 habere
1023 1223 1061 1269 se
1078 1204 1156 1289 jus-

205 1305 263 1380 sit,
279 1323 324 1368 ne
336 1303 445 1370 frater
458 1304 658 1370 siticulosus
681 1313 766 1389 potu
784 1312 937 1370 careret:
961 1304 1054 1387 quod
1077 1323 1157 1368 cum

205 1403 353 1468 relatum
370 1405 445 1486 regi
463 1411 566 1482 esset,
582 1412 622 1471 ut
636 1424 772 1489 semper
791 1405 900 1470 calori
918 1422 1047 1486 pronus
1069 1410 1157 1483 erat,

206 1502 324 1568 comiti
348 1503 450 1581 dixit,
473 1504 595 1570 ‘Belle
626 1506 694 1570 scis
727 1504 873 1570 actitare
901 1523 1075 1585 guerram,
1097 1502 1158 1586 qui

207 1601 364 1668 hostibus
385 1605 519 1688 praebes
544 1623 644 1688 aquae
666 1605 822 1688 copiam3
844 1611 882 1668 et
903 1603 1076 1685 quomodo
1098 1622 1158 1667 eos

209 1702 423 1768 domabimus
450 1705 481 1768 si
508 1705 558 1770 eis
585 1706 620 1770 in
646 1711 751 1788 pastu
774 1711 811 1770 et
836 1705 873 1768 in
895 1709 980 1786 potu
1003 1702 1158 1766 indulse-

209 1803 359 1866 rimusl’
411 1801 461 1868 lt
483 1803 543 1868 ille
563 1803 724 1868 renidens
746 1804 833 1868 illud
857 1823 953 1868 come
975 1809 1012 1868 et
1035 1803 1158 1866 merito

207 1900 377 1966 famosum
391 1905 532 1968 verbum
554 1905 680 1981 emisit,
699 1903 833 1988 ‘Papa
855 1902 1063 1967 dimitterem
1088 1901 1158 1965 fra-

210 2007 298 2065 trem
323 2009 479 2067 nostrum
501 2005 589 2068 mori
614 2004 698 2068 sitit
733 2012 768 2068 et
792 2023 895 2087 quem
920 2002 1026 2066 alium
1052 2001 1158 2066 habe·

209 2102 322 2166 bimus
350 2103 381 2166 si
402 2122 481 2166 eum
509 2104 767 2168 amiserimnsl’
819 2102 878 2167 Ita
900 2121 976 2179 rex,
1001 2101 1160 2166 deridens

212 2202 384 2266 mansueti
411 2201 559 2266 hominis
584 2203 774 2285 ingenium,
805 2201 949 2266 resolvit
977 2201 1158 2283 praelium

210 2300 407 2384 infectaque
426 2320 464 2364 re
487 2321 592 2385 quam
612 2301 821 2379 intenderat,
842 2301 935 2384 quod
960 2320 1038 2364 enm
1059 2300 1159 2364 Scot-

210 2407 324 2464 torum
347 2407 384 2464 et
397 2399 614 2466 Walensium
637 2401 808 2466 tumultus
820 2400 1005 2478 vocabant,
1018 2400 1055 2464 in
1080 2418 1159 2481 reg·

211 2520 294 2565 num
310 2520 348 2565 se
363 2521 443 2566 cum
458 2503 625 2568 ambobus
639 2500 804 2567 fratribus
818 2500 961 2584 recepit.

262 2600 368 2685 §alu
391 2601 586 2684 Statimque
607 2603 718 2684 primo
732 2608 854 2666 contra
867 2600 1063 2676 Walenses,
1080 2605 1160 2681 post
1171 2625 1208 2665 nx
1256 2624 1303 2664 aon

211 2701 247 2763 in
270 2700 409 2765 Scottus
431 2702 686 2783 expeditionem
710 2720 867 2778 movens,
891 2679 977 2764 nihil
999 2697 1160 2781 magnifi-
1173 2675 1317 2815 &aazia

212 2801 327 2864 centia
340 2817 406 2865 sua
420 2799 563 2883 dignum
581 2800 760 2881 exhibuit3
784 2801 950 2864 militibus
965 2799 1084 2863 multis
1101 2797 1161 2861 de·
1175 2827 1231 2866 rur.
1247 2802 1254 2824 '
1318 2798 1325 2814 ⁸

213 2898 386 2977 sideratis,
395 2900 565 2983 jumentis
588 2901 801 2983 interceptis,
846 2898 1017 2964 Nectum
1037 2897 1162 2974 solnm,

213 2999 273 3062 sed
300 3000 513 3077 multotiens,
541 3019 652 3083 parva
680 2999 732 3065 illi
753 3000 792 3063 in
812 2998 996 3064 walenses
1022 2996 1164 3062 fortuna

214 3098 303 3178 fuit3
327 3099 419 3181 quod
443 3100 553 3164 cuivis
576 3099 701 3163 mirum
723 3099 896 3176 videatur,
919 3117 997 3162 cum
1019 3098 1052 3161 ei
1074 3096 1164 3162 alias

216 3217 352 3281 semper
373 3199 451 3263 alea
470 3198 639 3263 bellorum
664 3198 862 3263 felicissime
880 3198 1045 3263 arriserit
1096 3195 1165 3260 Sed

215 3318 282 3379 ego
295 3298 465 3380 intelligo,
476 3318 540 3381 pro
562 3298 629 3363 soli
653 3298 893 3381 inaequalitate
907 3305 943 3362 et
959 3297 1039 3361 coeli
1058 3295 1165 3359 incle-

215 3398 356 3476 mentia,
370 3398 462 3463 sicut
472 3398 693 3463 rebellionem
704 3418 823 3463 eorum
839 3397 1008 3481 adjutam,
1020 3397 1072 3460 ita
1088 3395 1165 3478 ejus

217 3498 380 3563 virtutem
407 3497 618 3579 impeditam.
665 3497 776 3563 Porro
803 3516 866 3561 rex
890 3496 1079 3573 Hem-icus,
1103 3514 1166 3559 ex-

218 3597 374 3663 cellentis
398 3597 528 3678 ingenii
555 3598 620 3675 vir,
648 3600 707 3680 qui
736 3598 840 3663 modo
870 3603 1006 3679 regnat,
1032 3594 1167 3659 invenit

219 3715 288 3779 qua
312 3704 506 3762 commenta
531 3696 669 3762 illorum
693 3696 921 3763 labefactaret
946 3703 1033 3772 arte,
1060 3694 1166 3757 Flan-

220 3795 320 3860 dritis
346 3798 384 3860 in
411 3797 526 3878 patria
554 3797 691 3861 illorum
718 3795 910 3873 collocatis,
936 3796 996 3877 qui
1024 3795 1075 3858 eis
1104 3813 1167 3875 pro

219 3895 371 3960 claustro
386 3896 458 3959 sint
473 3903 509 3961 et
522 3916 582 3961 eos
596 3902 764 3979 perpetuo
778 3901 972 3959 coerceant.
1019 3892 1070 3958 At
1085 3911 1168 3956 vero

223 4132 280 4181 thor
288 4134 369 4180 'states
384 4128 440 4178 that
456 4131 542 4178 itwas
559 4129 601 4178 the
611 4128 684 4178 work
708 4128 813 4177 entitled
843 4128 952 4190 ‘Ostha
977 4128 1044 4178 their
1070 4128 1171 4191 Origin,

220 4202 250 4251 of
259 4200 416 4249 Nicodemus
427 4198 456 4248 of
463 4200 505 4248 the
513 4198 619 4260 Gospel.
637 4200 684 4248 See
710 4199 819 4260 Nature,
838 4199 888 4248 and
909 4199 1040 4262 History;’
1056 4200 1171 4262 london,

222 4272 319 4321 further
330 4285 362 4319 ou
369 4269 421 4318 this
430 4271 528 4331 subject
536 4270 562 4318 iu
570 4270 613 4319 the
621 4270 684 4317 Rev.
709 4274 765 4319 tivo.
777 4284 822 4330 pp.
833 4272 976 4319 teu-29⁶.

223 4342 250 4393 J.
263 4342 294 4391 Ε.
305 4339 404 4401 Tyler's
423 4340 569 4401 interesting
585 4340 684 4389 volume
