3142 5025
403 513 468 577 428
571 531 575 537 ·
616 529 730 579 casm
754 529 880 576 aucun
904 528 1119 576 nucnouou.
1198 512 1283 593 [mu.
1301 528 1353 575 ru.

404 684 497 765 regis
519 684 692 748 connubio
714 685 919 767 privataque
936 684 1089 749 amicitia
1105 684 1267 761 donatae,
1285 702 1354 747 non

405 784 594 867 permansit
609 784 646 845 iu
662 783 741 860 fide,
755 804 902 866 pravum
924 784 1098 865 ingenium
1115 784 1273 847 cohibere
1290 784 1354 847 im-

405 889 550 965 potens:
578 883 815 964 compatriotis
840 882 931 946 enim
953 883 1123 961 omnibus,
1146 883 1207 964 qui
1232 883 1354 946 existi·

406 989 542 1045 merant
558 981 798 1058 resistendum,
814 981 913 1045 casis
926 981 983 1047 vel
999 982 1178 1065 subjectis,
1196 982 1301 1046 etiam
1318 982 1354 1045 in

247 1096 303 1137 an·
314 1095 369 1137 ωτι.
408 1080 548 1151 Radnlfi
564 1080 608 1143 de
616 1079 747 1144 Weber
763 1081 908 1163 perfidia
922 1100 960 1144 se
974 1081 1172 1157 immiscuit,
1183 1074 1254 1143 ¹sed
1273 1100 1354 1145 couz

401 1178 579 1262 juratione
608 1179 756 1257 detecta,
778 1179 1045 1262 comprehensus
1068 1179 1196 1263 diuque
1219 1180 1256 1242 in
1278 1180 1358 1244 vin·

247 1292 301 1332 an.
312 1293 369 1333 10⁷⁵·
405 1278 492 1342 culis
516 1285 645 1355 tentus,
674 1278 797 1343 ultimo
827 1278 996 1361 spoliatus
1025 1279 1151 1361 capite,
1179 1278 1355 1343 crolando

404 1377 562 1460 sepultus
576 1385 650 1460 est3
674 1378 833 1459 quamvis
846 1377 986 1460 qnidam
1000 1377 1131 1455 dicant,
1148 1379 1355 1443 necessitate

404 1478 645 1559 interceptum,
676 1495 746 1539 nou
775 1477 957 1541 voluntate
989 1477 1178 1561 addictum,
1206 1477 1353 1542 infideli·

405 1577 489 1640 tatis
512 1582 765 1640 sacramentnm
784 1577 949 1657 agitasse.
1003 1574 1196 1658 Anglorum
1213 1584 1269 1641 est
1285 1577 1355 1643 ista

406 1675 606 1754 excusati03
629 1694 710 1739 nam
722 1682 850 1741 caetera
867 1674 1062 1740 Normanni
1074 1669 1264 1754 ²asseruut,
1282 1675 1354 1740 Αιι-

406 1774 541 1855 giorum
566 1774 627 1857 qui
652 1774 838 1856 plurimum
859 1781 1036 1856 praestent.
1089 1774 1246 1852 Quorum
1268 1778 1355 1841 asti·

405 1872 577 1955 palationi
599 1872 776 1938 Divinitas
803 1872 985 1955 suffragari
1008 1872 1156 1952 videtur,
1188 1874 1355 1939 miracula

406 1972 528 2051 multa,
542 1979 578 2036 et
594 1990 637 2036 ea
653 1973 879 2055 permaxima,
896 1972 941 2035 ad
959 1973 1112 2036 tumbam
1127 1973 1221 2037 illius
1237 1982 1355 2038 osten·

406 2070 503 2135 dens.
555 2069 667 2136 Aiunt
682 2072 785 2148 enim,
805 2072 842 2135 in
860 2079 1001 2137 catenas
1016 2072 1223 2155 conjectum,
1237 2075 1353 2155 quoti-

407 2170 520 2235 dianis
534 2170 749 2253 singultibus
755 2190 936 2253 perperam
952 2171 1135 2247 commissa
1149 2171 1303 2238 diluisse

246 2273 398 2374 *Qut*
459 2270 567 2354 §254
591 2269 679 2334 Inde
699 2270 915 2353 propositum
937 2270 1030 2351 regis
1051 2269 1209 2334 fortassis
1231 2273 1355 2337 merito

248 2375 389 2415 enarr·
407 2376 607 2447 excusatur,
630 2369 661 2433 si
679 2365 867 2452 aliquando
889 2368 1038 2432 durior
1026 2389 1064 2431 m
1081 2365 1217 2451 Auglos
1239 2370 1354 2449 fuerit,

248 2424 345 2475 English.

406 2468 499 2551 quod
516 2488 605 2552 pene
619 2468 752 2532 nullum
769 2487 888 2532 eorum
901 2467 1036 2533 fidelem
1051 2468 1231 2534 invenerit.
1264 2470 1353 2549 Quae

406 2588 461 2632 res
474 2569 526 2632 ita
540 2567 689 2632 ferocem
708 2568 860 2631 animum
883 2569 1149 2651 exasperabant,
1170 2577 1211 2633 ut
1231 2578 1356 2653 poten·

405 2668 512 2734 tiores
540 2667 689 2749 primum
719 2667 887 2748 pecuniis,
912 2687 995 2732 mox
1026 2669 1140 2745 terris,
1168 2670 1353 2736 nonnullos

406 2767 512 2830 etiam
524 2767 599 2829 vita
608 2773 774 2844 exueret:
790 2766 873 2849 quin
887 2767 991 2831 etiam
1005 2765 1243 2832 Caesarianum
1255 2789 1354 2833 secu·

407 2871 464 2928 tus
478 2865 668 2947 ingenium,
687 2866 748 2948 qni
766 2864 960 2929 Germanos
975 2867 1012 2928 in
1021 2864 1187 2930 Ardenua
1202 2870 1355 2934 maxima

407 2964 509 3046 sylva
523 2965 671 3040 abditos,
687 2971 723 3028 et
744 2965 825 3027 inde
849 2966 977 3029 crebris
999 2965 1237 3048 eruptionibus
1254 2987 1356 3032 exere

406 3063 513 3126 citum
535 3082 636 3127 sunm
657 3062 862 3144 affligentes,
884 3083 954 3128 non
975 3084 1038 3147 per
1059 3064 1237 3129 Romanos
1258 3087 1355 3146 suos„

405 3162 466 3225 sed
482 3181 545 3244 per
558 3160 681 3226 Gallos
694 3161 884 3227 foederatos
897 3164 1032 3246 expulit
1046 3184 1054 3242 ;
1070 3170 1121 3242 ut,
1136 3164 1218 3227 dum
1232 3166 1353 3232 alieni·

405 3280 505 3341 genae
520 3261 984 3338 alterutros'traussoderent,
999 3263 1074 3344 ipse
1088 3264 1163 3327 sine
1185 3267 1355 3346 sangnine

331 3431 334 3436 ,
404 3358 616 3443 triumphum
639 3360 791 3425 duceret.
842 3361 941 3424 Idem
963 3359 1139 3448 (iuquam)
1156 3363 1354 3429 Willelmus

404 3457 441 3520 in
457 3456 593 3540 Anglos
620 3460 714 3540 egit:
737 3479 818 3543 nam
843 3467 964 3525 contra
985 3461 1166 3542 quosdam,
1191 3464 1250 3545 qui
1271 3472 1353 3545 post

403 3558 550 3639 primam
573 3556 720 3622 infelicis
744 3558 868 3622 ominis
890 3578 1043 3641 pugnam
1063 3559 1353 3626 Danemarchiam

296 3699 301 3711 .
406 3663 441 3721 et
458 3655 664 3721 Hiberniam
687 3657 926 3740 profugerant,
948 3665 984 3723 et
1004 3659 1121 3724 valida
1142 3670 1355 3744 congregata

442 3900 867 3968 ¹Sedrorparutimdeteetu.]llarl
891 3909 945 3958 'l'he
969 3909 1104 3960 Chroniele
1126 3912 1155 3961 of
1174 3915 1280 3965 Mailros
1302 3920 1354 3968 and

404 3971 541 4032 Waltheof,
551 3987 579 4020 or
590 3973 687 4021 Wallel
694 3988 723 4022 as
742 3974 799 4022 he
790 3990 814 4024 rs
830 3978 867 4024 al-
892 3979 1026 4028 l'lorence'
1026 3982 1055 4028 ol
1063 3982 1214 4045 Worcester,
1227 3985 1355 4052 however,

401 4055 474 4101 ways
491 4042 594 4101 styled
587 4057 613 4089 m
624 4043 771 4104 Domesday
783 4045 866 4106 Book,
890 4049 1035 4110 assignthis
1043 4056 1117 4100 event
1125 4056 1151 4100 to
1161 4053 1203 4102 the
1214 4058 1353 4122 preceding

288 4116 292 4125 “
401 4124 466 4168 was,
492 4111 628 4172 according
654 4116 680 4159 to
709 4113 752 4160 the
779 4115 865 4164 Saxon
888 4131 958 4177 year.

402 4178 546 4236 Chronicle‚
576 4181 707 4229 beheaded
738 4187 765 4230 at
793 4184 865 4232 Win·
923 4183 1086 4252 Musarum]
1107 4189 1141 4240 A.
1165 4193 1212 4252 ὣς
1235 4195 1353 4259 afferunt,

401 4246 499 4296 chester
517 4263 549 4296 on
566 4249 608 4298 the
631 4254 687 4299 ³1st
706 4251 769 4312 May
789 4257 862 4304 1076.
890 4255 920 4305 C.
932 4257 967 4306 D.
979 4259 1011 4306 E.
1024 4258 1055 4308 L.
