3142 5025
241 1922 287 1962 The
295 1923 338 1963 sart
346 1923 370 1962 ot

242 1972 366 2013 (ilouesstar

243 2024 353 2063 onumen
361 2027 384 2063 to

219 2074 343 2135 sputatus

240 3852 282 3892 Hie
291 3853 366 3902 dapu-

240 3906 289 3942 tare
297 3904 329 3943 tor
338 3905 390 3946 Nor·

238 3954 323 4003 mandy.

395 458 462 522 764
684 474 859 523 nrs‘rorun
882 474 1069 523 novumn,
1190 458 1279 540 [nra.
1294 471 1348 521 ιιι·

399 639 522 697 coacto
542 629 702 707 concilio,
718 630 929 713 imperatrici
946 636 982 692 et
997 627 1211 710 principibus
1229 628 1349 693 audita

400 737 599 813 reportant:
617 728 807 794 ‘Comitem
815 727 1104 811 ,andegavensem
1116 728 1349 810 legationibus

401 848 582 912 procerum
594 829 761 893 nonnulla
774 849 820 893 ex
831 834 930 911 parto
940 826 1078 907 savem
1101 834 1278 905 caeterum,
1292 846 1349 892 so·

402 928 697 993 lumexomnibns
706 928 867 993 comitem
877 920 1350 1009 Gloecestrensembognos-

402 1046 492 1104 cere,
508 1028 651 1111 ejusque
673 1027 892 1109 prudentiam
919 1043 960 1090 ao
985 1025 1100 1103 iidem,
1123 1026 1350 1108 magnanimi-

403 1134 510 1191 tatem
536 1134 572 1190 et
593 1126 811 1204 industriam,
834 1127 1015 1209 probatam
1036 1125 1112 1208 jam
1139 1125 1221 1189 olim
1240 1125 1350 1189 habu·

403 1227 485 1292 isse.
537 1225 575 1289 Is
589 1226 620 1289 si
632 1225 677 1288 ad
699 1244 738 1289 se
756 1226 906 1289 transito
928 1224 1015 1287 mari
1039 1224 1214 1302 adveniat,
1228 1225 1351 1288 volun·

404 1326 470 1391 tati
493 1325 569 1408 ejus
593 1343 632 1388 se
652 1343 716 1406 pro
739 1343 931 1407 possenna
953 1322 1173 1405 defuturum3
1198 1322 1351 1406 alioquin

404 1432 551 1489 caeteros
574 1424 611 1487 in
640 1424 753 1488 eundo
775 1430 812 1487 et
835 1420 1009 1487 redeundo
1039 1422 1171 1487 fastra
1198 1422 1352 1488 laborem

403 1522 694 1605 consumpturos!

460 1701 634 1761 QUOMODO
656 1702 773 1749 OOMES
796 1702 1036 1752 unoncttsultm
1059 1705 1108 1751 Ab
1131 1702 1295 1751 OOMITEM

664 1802 955 1851 ANDEGAVENSEM
979 1803 1092 1852 lllltl'l'.

455 1911 545 1994 §aa
570 1910 629 1974 Ita
649 1910 802 1974 omnium
828 1909 1040 1975 audientium
1065 1911 1193 1994 spebus
1217 1910 1354 1988 erectis,

404 2010 449 2075 ad
474 2011 634 2075 comitem
658 2028 778 2092 preces
795 2028 918 2087 versae,
936 2017 977 2072 ut
1002 2008 1094 2072 huno
1114 2009 1268 2073 laborem
1289 2028 1355 2091 pro

404 2110 532 2174 sororis
546 2116 582 2173 et
598 2116 762 2191 nepotum
784 2107 989 2172 haereditate
1002 2107 1216 2190 dignaretur.
1268 2108 1353 2173 Dis·

403 2208 583 2272 simulavit
604 2208 663 2271 ille
685 2208 808 2289 primo,
826 2205 998 2271 difficilem
1020 2227 1092 2270 rem
1114 2206 1353 2290 praetendens:

404 2316 603 2389 suspectum
624 2325 687 2388 per
700 2306 969 2370 confertissimos
987 2304 1103 2371 hostes
1127 2306 1194 2369 iter
1208 2306 1297 2371 citra
1318 2314 1355 2371 et

404 2407 497 2471 ultra
513 2425 629 2485 mare;
644 2404 872 2487 periculosum
888 2406 1010 2482 sorori,
1023 2424 1128 2487 quam
1142 2405 1180 2467 in
1195 2405 1355 2470 absentia

404 2505 481 2590 ejus
494 2506 554 2570 alii
571 2525 664 2588 aegre
681 2510 872 2580 tuerentur,
890 2504 953 2587 qui
970 2523 1047 2568 eam
1064 2504 1100 2568 in
1115 2504 1274 2588 captione
1288 2524 1355 2570 sua

406 2625 495 2687 pene
509 2606 732 2688 reliquerant,
746 2604 849 2667 rebus
871 2603 938 2686 ipsi
960 2604 1032 2668 suis
1048 2602 1158 2668 diffisi.
1213 2605 1353 2670 Favens

406 2704 546 2768 tandem
573 2703 725 2768 omnium
748 2703 903 2766 unanimi
916 2703 1103 2781 voluntati,
1127 2702 1263 2768 obsides
1290 2724 1354 2787 po·

406 2805 520 2885 poscit
534 2803 713 2886 sigillatim
728 2802 773 2865 ab
786 2802 841 2865 his
859 2803 918 2885 qui
932 2803 1118 2885 optimates
1135 2802 1354 2882 videbantur,
1383 2798 1386 2802 ’

406 2921 523 2965 secum
547 2904 584 2966 in
614 2901 866 2966 Normanniam
894 2900 1079 2978 ducendos
1099 2901 1274 2984 vadesque
1301 2902 1355 2967 iu-

405 3007 504 3064 turos
516 3010 588 3065 tam
606 3001 724 3064 comiti
736 2997 982 3082 Andegavensi
994 2993 1117 3084 ²quam
1132 3001 1355 3083 imperatrici,

406 3098 498 3181 quod
519 3090 639 3163 omnes
651 3098 785 3182 junctis
807 3098 1012 3164 umbonibus
1034 3101 1079 3162 ab
1101 3119 1154 3177 ea,
1174 3099 1257 3163 dum
1278 3101 1356 3183 ipse

405 3199 555 3276 abesset,
567 3198 712 3282 injurias
727 3199 982 3281 propulsarent,
994 3191 1146 3262 ³vioibus
1165 3198 1237 3263 suis
1259 3199 1354 3281 apud

407 3296 607 3364 Oxeneford
623 3304 812 3361 manentes.
844 3294 1086 3361 declamatum
1095 3299 1356 3378 estsententiae,

406 3397 547 3480 datique
560 3397 700 3462 obsides
716 3395 969 3460 Normanniam
984 3395 1143 3461 ducendi.

405 3561 579 3620 QUOMODO
603 3561 720 3609 OOMES
734 3558 1011 3610 ANDEGAVENSIS
1027 3559 1184 3609 AUXILIO
1207 3559 1355 3610 OOMl'l'lS

454 3660 696 3708 OLOEOESTRAE
718 3659 840 3707 DECEM
860 3658 1043 3708 adsultant
1066 3660 1106 3707 IN
1129 3659 1355 3710 NORMANNIA

455 3759 621 3808 OEPERl'l'.

456 3864 545 3948 §70.
570 3863 746 3930 Robertus
770 3885 854 3948 ergo
867 3863 1077 3929 valefaciens
1102 3866 1225 3944 sorori,
1238 3865 1355 3931 ductis

440 4052 447 4082 l
792 4069 799 4084 ι

401 4056 648 4188 oogngooznrgrdffl
668 4057 701 4106 E·
724 4057 799 4118 st,
828 4071 867 4106 re.
925 4121 1072 4190 Windhaus]
1097 4127 1131 4178 D.
1151 4127 1184 4178 Ε.
1202 4128 1271 4190 L2.;
1293 4128 1356 4180 viri·

444 4191 575 4258 'Qaam.]
612 4196 646 4246 Ε.
673 4196 750 4257 Η.;
787 4210 864 4257 quam
889 4195 947 4256 bus,
959 4195 988 4245 S.

399 4263 485 4326 etiam,
497 4263 525 4315 S.
538 4264 573 4312 D.
