3142 5025
193 536 263 585 nra.
280 518 354 600 ua]
420 534 536 583 casm
562 534 690 584 aneon
714 536 928 585 suetonum.
1080 500 1147 586 413

189 692 381 772 baberent3
404 691 513 776 Angli
538 694 630 757 enim
651 694 810 777 superius
831 694 966 757 labrum
989 692 1068 777 pilis
1091 696 1282 757 iri-insat

189 801 371 857 cessanter
381 793 646 859 fructicantibus
659 794 835 859 intonsum
849 794 1039 872 dimittunt,
1052 795 1146 877 quod

190 894 297 957 etiam
326 893 537 975 gentilitium
564 894 717 975 antiquis
732 894 934 958 Britonibus
958 893 1064 957 fuisse
1079 894 1146 957 Ju-

189 994 260 1055 lius
276 991 397 1057 Caesar
412 1001 589 1057 asseverat
601 988 654 1056 ¹in
668 994 757 1058 libro
771 993 861 1057 Belli
878 993 1017 1058 Gallici.
1057 993 1146 1058 Sub-

191 1093 271 1155 risit
286 1111 351 1156 rex
365 1091 562 1157 fatuitatem
586 1092 818 1170 referentium,
832 1093 948 1176 lepido
968 1092 1146 1158 insecutus

190 1192 375 1269 cachinno,
391 1192 475 1274 quia
494 1213 564 1256 non
586 1199 703 1256 esseut
716 1194 921 1277 presbyteri,
936 1192 997 1257 sed
1019 1193 1146 1259 milites

191 1292 299 1354 armis
313 1292 432 1370 validi,
454 1293 579 1356 animis
597 1293 728 1359 invicti.
775 1294 909 1375 Rapuit
923 1312 1007 1374 ergo
1027 1312 1072 1357 ex
1087 1312 1146 1357 ore
1159 1310 1301 1371 euenum-

190 1392 303 1474 ipsius
320 1412 514 1457 sermonem
526 1386 682 1456 ²Gurtba
695 1392 814 1471 frater,
828 1393 907 1476 plus
923 1412 1032 1475 puero
1048 1392 1145 1456 adul-
1158 1367 1236 1451 lilim
1245 1362 1289 1401 ¹¹*

191 1498 263 1568 tuS,
279 1498 315 1555 et
336 1510 473 1573 magnae
492 1492 586 1556 ultra
607 1500 746 1557 aetatem
762 1493 902 1557 virtutis
923 1499 958 1555 et
979 1492 1145 1557 scientiae.

192 1590 323 1654 ‘Cum’
340 1588 489 1676 (inquit)
510 1598 665 1657 ‘tantam
689 1591 926 1656 fortitudinem
950 1591 1145 1656 Normanni

190 1691 372 1772 praedices,
393 1692 657 1755 indeliberatum
682 1693 817 1757 aestimo
839 1712 917 1756 cum
942 1691 1003 1755 illo
1024 1692 1144 1758 confli-

191 1810 288 1872 gere,
314 1783 402 1871 ³quo
434 1791 575 1855 inferior
601 1792 724 1855 robore
752 1801 788 1856 et
821 1792 944 1857 merito
972 1792 1143 1855 habearis

192 1890 272 1953 Nec
296 1891 386 1953 enim
410 1892 477 1954 ibis
493 1892 530 1955 in
550 1891 686 1955 inficias
707 1892 792 1973 quin
815 1892 867 1957 illi
889 1896 1144 1956 sacramentum

190 1990 249 2053 vel
270 1990 402 2053 invitus
418 1991 475 2055 vel
491 1992 710 2055 voluntarius
723 1990 866 2069 feceris3
894 1991 1039 2075 proinde
1061 2010 1143 2055 con-

190 2090 319 2153 sultius
335 2108 420 2171 ages
437 2092 479 2168 si,
495 2092 641 2154 instanti
659 2091 858 2156 necessitati
875 2097 910 2155 te
925 2091 1144 2168 subtraham,

189 2197 311 2253 nostro
325 2190 478 2271 periculo
492 2190 678 2255 colludium
693 2210 820 2273 pugnae
834 2190 1044 2255 tentaveris:
1068 2208 1144 2267 noS,

186 2290 286 2352 omni
297 2289 498 2372 juramento
522 2291 688 2373 expediti,
700 2291 797 2374 juste
811 2290 938 2354 ferrum
955 2309 1018 2371 pro
1032 2290 1146 2371 patria

191 2389 415 2471 stringemus.
467 2389 672 2453 Timendum
689 2410 745 2466 ne,
760 2391 796 2453 si
808 2390 882 2471 ipse
897 2388 1074 2465 decernas,
1089 2389 1145 2451 vel

189 2487 311 2571 fugam
327 2490 383 2554 vel
400 2498 545 2555 mortem
564 2497 729 2572 oppetas:
754 2489 828 2567 sed,
844 2488 943 2554 uobis
958 2488 1041 2553 solis
1054 2506 1145 2571 prae·

189 2589 369 2666 liantibuS,
391 2609 497 2654 causa
521 2597 583 2653 tua
604 2591 788 2673 utrobique
815 2591 850 2653 io
872 2597 975 2672 portu
1000 2589 1144 2670 naviga·

188 2689 263 2767 bit;
287 2689 371 2772 quia
396 2698 431 2753 et
452 2689 625 2772 fugientes
645 2691 838 2766 restituere,
862 2697 898 2752 et
915 2696 1068 2753 mortuos
1090 2690 1144 2752 ul·

188 2789 285 2865 cisci,
302 2790 458 2871 poteris!

241 2887 353 2971 §Mil
377 2888 503 2953 Noluit
524 2889 703 2953 effraenata
726 2888 904 2953 temeritas
927 2906 1044 2951 aurem
1067 2887 1142 2970 pla·
1155 2899 1295 3000 mam

187 2987 303 3051 cidam
321 2988 476 3053 monenti
490 2989 720 3066 commodare,
740 2988 944 3052 existimans
958 2986 1142 3068 inglorium
1156 3008 1178 3040 to
1187 3001 1275 3041 Harum·

187 3095 223 3151 et
235 3095 408 3152 anteactae
418 3089 500 3153 vitae
515 3089 735 3171 opprobrium
751 3089 944 3171 cuicunque
955 3086 1144 3151 discrimini

187 3194 290 3268 terga
324 3188 478 3252 nudare:
517 3188 705 3270 eademque
736 3179 962 3269 impudentia,
991 3187 1058 3264 vel,
1089 3187 1142 3249 in-

185 3286 390 3369 dulgentius
412 3287 539 3366 dicam,
555 3287 799 3370 imprudentia,
821 3285 1037 3362 monachum,
1052 3285 1142 3350 Wil-

185 3387 283 3450 lelmi
305 3388 473 3471 legatum,
493 3406 557 3451 nec
583 3389 675 3451 bono
698 3387 799 3451 vultu
824 3387 987 3467 dignatus
1008 3385 1144 3448 turbide

133 3551 136 3555 ,
184 3488 328 3568 abegit3
363 3487 429 3550 hoc
457 3493 595 3550 tantum
625 3488 830 3569 imprecans,
864 3491 903 3548 ut
931 3484 1027 3547 Deus
1053 3485 1144 3547 inter

184 3606 266 3651 eum
278 3595 315 3652 et
332 3586 548 3652 Willelmum
560 3584 749 3671 judicaret.
787 3583 967 3649 Afferebat
980 3584 1039 3647 ille
1054 3583 1141 3647 tria:

221 3839 230 3871 ¹
244 3842 276 3889 ln
294 3839 358 3888 libro
369 3838 438 3888 Belli
456 3838 570 3901 Gallici]
587 3837 655 3887 ‘Oa-
679 3835 781 3884 brother
791 3833 821 3882 ol
828 3833 938 3888 Harold,
948 3846 1004 3880 was
1017 3830 1143 3879 undoubt-

182 3912 299 3974 pilloquo
311 3915 371 3959 sunt
378 3910 512 3970 promisso,
519 3912 596 3969 atque
603 3922 655 3955 om·
679 3906 740 3966 edly
750 3905 815 3954 alain
834 3909 862 3953 at
872 3903 914 3951 tbe
932 3901 1010 3949 battle
1022 3899 1051 3948 oi
1064 3901 1142 3948 Hast·

182 3983 210 4030 ni
233 3987 307 4043 parte
329 3979 442 4041 corporis
472 3991 541 4037 rasa,
562 3982 655 4038 praeter
679 3977 751 4036 ings3
775 3976 823 4023 but
838 3974 865 4021 in
883 3973 925 4021 tbe
943 3971 1066 4019 Harleian
1084 3969 1141 4017 MS.

183 4057 265 4113 caput
276 4055 302 4100 et
312 4050 412 4099 labrum
423 4047 561 4108 superius!
583 4045 654 4112 (Lib.
680 4049 755 4106 1776,
769 4043 813 4092 iol.
828 4047 858 4092 21
867 4043 892 4091 b.
909 4041 979 4089 thara
990 4041 1012 4089 is
1024 4053 1040 4088 a
1050 4037 1141 4100 legend

182 4135 209 4170 v.
226 4137 252 4171 c.
270 4123 312 4169 14.
330 4119 391 4169 Gaii
405 4117 471 4168 Julii
493 4116 605 4166 (laseris
622 4116 654 4164 de
679 4114 735 4162 that
751 4113 850 4163 Guertb
872 4110 981 4171 escaped
1000 4109 1075 4170 alive,
1091 4109 1141 4156 aud

184 4192 261 4239 Bello
272 4190 394 4247 Gallico;
409 4188 450 4236 ed.
468 4186 656 4248 Oudendorpii,
680 4198 735 4231 was
742 4198 801 4230 seen
813 4183 839 4229 in
851 4187 1015 4240 extremeage
1027 4179 1060 4238 by
1073 4179 1142 4239 lling

184 4261 270 4323 Lugd.
284 4261 377 4308 Batav.
392 4261 477 4312 1717.)
681 4253 771 4312 Henry
781 4251 824 4299 the
836 4249 941 4299 Second.

220 4329 232 4358 ¹
249 4329 351 4379 (lartio
360 4328 468 4390 frater]
486 4325 596 4387 Guorth,
613 4325 655 4372 tbe
716 4320 727 4350 ³
739 4321 815 4382 Qua]
824 4319 856 4369 A.
869 4319 898 4368 S.
908 4319 942 4368 D.
952 4318 984 4367 E.
993 4317 1039 4376 1..;
1051 4316 1141 4377 qui,C.
