3142 5025
185 549 255 595 cru.
271 529 339 611 1v.]
416 547 530 595 casm
553 546 680 596 arcun
704 547 920 595 succorum
1071 531 1137 595 6⁰7

186 704 273 767 tutis
287 702 480 765 habebatur
493 700 693 765 adolescens
709 703 848 784 quaudo
863 710 963 785 pater
971 701 1137 785 Angliam
1150 725 1229 765 aona
1237 725 1296 764 aare

187 803 305 880 veuit3
329 800 540 865 fortitudinis
552 802 720 882 probatae,
729 820 927 883 quanquam
941 802 1043 865 exilis
1061 822 1136 867 cor·
1149 775 1235 874 ffid'y'.

189 901 285 984 poris
299 906 336 963 et
350 900 491 982 pinguis
507 900 705 980 aqualiculi.
759 901 858 965 Inter
872 901 1012 964 bellicas
1026 903 1138 983 patris

189 1000 263 1064 alas
286 998 442 1063 exerevit
459 999 625 1080 primaevo
646 999 830 1082 tyrocinio,
851 1000 989 1081 parenti
1008 1019 1137 1064 morem

189 1101 226 1162 in
266 1099 425 1162 omuibus
464 1117 599 1178 gerens.
654 1098 905 1174 Veruntamen,
933 1092 942 1131 ¹
945 1099 1137 1182 juvenilem

188 1198 331 1261 indutus
352 1197 514 1272 calorem,
532 1197 783 1260 Normauniam
800 1204 935 1279 epatre
958 1197 1071 1260 adhuc
1083 1199 1138 1261 vi-

189 1304 306 1373 vente,
320 1296 495 1359 fatuorum
509 1294 680 1360 sodalium
698 1296 877 1373 instinctu,
892 1296 1077 1380 impetrare
1099 1316 1138 1362 se

189 1415 293 1478 posse
309 1395 480 1478 speravit:
497 1394 682 1475 quodcum
699 1395 758 1458 ille
771 1402 946 1476 negasset,
958 1396 1137 1459 terrisonae

190 1496 287 1560 vocis
312 1493 442 1558 roncho
460 1493 624 1577 Juvenum
653 1494 810 1574 abigeus
832 1495 943 1557 iratus
970 1495 1138 1558 abscessit

193 1594 381 1670 Robertus,
403 1593 590 1674 multisque
613 1593 801 1656 assultibus
823 1594 972 1675 patriam
996 1592 1139 1656 infesta-

190 1694 243 1757 vit
255 1713 264 1771 3
282 1691 545 1774 primoquidem
561 1692 717 1772 genitore
731 1692 917 1756 cachinnos
929 1692 1137 1769 excutiente,

191 1799 228 1855 et
258 1790 404 1854 subinde
433 1791 579 1866 dicente,
607 1790 706 1854 ‘Per
730 1792 1015 1855 resurrectionem
1044 1791 1135 1854 Dei!

190 1892 321 1973 probus
342 1891 408 1952 erit
422 1888 615 1952 Rcbelinus
630 1888 740 1953 Curta
757 1889 892 1954 Ocrea!
916 1945 923 1954 .
943 1889 1024 1953 Hoc
1046 1891 1138 1953 enim

192 1996 269 2053 erat
293 1988 369 2071 ejus
391 2007 595 2070 cognomen,
614 1988 706 2069 quod
728 1996 822 2074 esset
842 1990 1013 2069 exiguus3
1036 1996 1138 2052 caete-

191 2107 269 2151 rum
282 2086 369 2150 nibil
382 2087 512 2151 habens
527 2086 620 2168 quod
640 2106 871 2164 succenseres,
885 2088 968 2169 quia
981 2108 1045 2152 nec
1061 2088 1137 2151 ille-

191 2187 284 2270 pidae
298 2186 429 2262 formae,
443 2205 506 2249 uec
522 2185 663 2249 infaceti
682 2186 822 2266 eloquii,
837 2206 900 2250 nec
916 2187 1055 2249 virtutis
1074 2187 1139 2250 im·

190 2285 336 2361 beeillae,
352 2303 416 2348 nec
429 2285 564 2348 enervis
578 2292 655 2348 erat
669 2285 816 2348 consilii.
861 2283 1040 2348 Posterius
1054 2304 1137 2349 vero

193 2405 257 2448 rex
274 2384 362 2447 adeo
378 2383 483 2447 effera
491 2395 683 2446 ‘succensus
697 2390 751 2447 est
764 2384 818 2446 ira
834 2390 874 2446 ut
889 2402 967 2447 eum
985 2390 1021 2446 et
1034 2384 1139 2448 bene·

191 2484 342 2548 dictione
357 2482 481 2546 ultima
505 2489 541 2547 et
561 2481 762 2546 haereditate
782 2481 959 2548 fraudaret
974 2480 1137 2564 Anglica,

191 2584 360 2647 comitatu
383 2590 500 2646 tamen
530 2580 756 2645 Normanniae
780 2602 875 2664 aegre
902 2582 984 2645 licet
1009 2592 1045 2645 et
1072 2582 1138 2646 im·

191 2683 299 2766 probe
322 2688 470 2745 retento.
523 2679 610 2743 Post
635 2700 758 2745 novem
784 2700 894 2745 anuos
915 2681 1138 2763 lerosolymi·

191 2790 285 2845 tanae
307 2782 375 2843 viae
400 2780 576 2843 laboribus
601 2798 674 2844 suoe
706 2779 918 2844 fortitudinis
948 2780 1138 2862 periculum

193 2881 294 2957 fecit;
318 2880 406 2942 etin
423 2878 541 2941 multis
555 2878 693 2959 quidem
714 2877 881 2943 mirabilis
903 2879 1077 2961 apparuit,
1099 2886 1139 2943 ut

192 2997 371 3060 nunquam
398 2996 422 3040 a
447 2976 646 3040 Christiano
674 2977 730 3042 vel
752 2996 891 3059 pagano
916 2978 1068 3060 potuerit
1092 2998 1138 3042 ex

192 3079 310 3160 equite
326 3076 431 3158 pedes
446 3069 563 3139 ²effici.
615 3076 706 3138 Tum
720 3096 804 3141 vero
817 3078 968 3140 maxime
989 3078 1031 3140 in
1047 3076 1139 3141 bello

85 3251 91 3264 ι
192 3174 423 3250 Antiocheno,
451 3174 550 3257 cujus
571 3174 646 3256 ipse
659 3174 840 3238 victoriam
864 3175 1010 3257 pulchra
1031 3194 1138 3257 expe-
1192 3168 1195 3172 ’

192 3276 319 3338 rientia
355 3273 562 3336 nobilitavit.
615 3272 708 3336 Nam
729 3292 809 3335 cum
832 3274 951 3350 Turci,
985 3281 1026 3337 ut
1049 3273 1140 3337 dixi-

193 3393 283 3450 mus,
299 3372 414 3435 subito
435 3371 609 3434 terrefacti
631 3371 724 3452 fugae
740 3391 778 3435 se
794 3366 999 3447 ³dedissent,
1013 3372 1138 3435 nostri·

193 3492 262 3554 que
273 3470 434 3553 palantes
442 3470 678 3533 vehementius
687 3471 903 3551 impeterent,
916 3469 1139 3577 qubaguatb

193 3570 279 3647 dux,
297 3567 455 3651 genuinae
471 3568 611 3631 virtutis
632 3587 775 3645 memor,
789 3575 924 3632 retento
947 3588 1035 3650 equo
1057 3588 1140 3633 suos

192 3662 388 3743 *inclamat
411 3665 559 3729 famulos
580 3666 728 3747 ignavos
750 3674 786 3730 et
808 3686 1016 3731 annosarum
1030 3668 1140 3731 victo-

192 3768 321 3831 riarum
344 3766 470 3829 oblitos
486 3783 629 3840 vocene,
650 3772 690 3828 ut
704 3764 854 3829 victores
877 3766 1050 3847 quondam
1073 3765 1141 3829 ori-

228 3962 508 4047 Umatumr'rdatsr
530 3963 653 4025 “lm-J
714 3984 888 4051 'Decumum
906 3990 935 4039 S.
955 3990 990 4039 D.
1008 3988 1057 4049 Ε.;
1075 4003 1141 4038 eom·

193 4038 223 4085 c.
242 4035 294 4094 Es
312 4034 452 4115 Juvgmlem
473 4031 593 4113 medem
612 4046 654 4112 t*
679 4057 857 4119 misissentb.

190 4107 279 4166 lom,
296 4104 348 4161 D.;
360 4106 475 4163 Juventae
491 4101 597 4148 vmdem
614 4114 654 4148 ιιι·

192 4176 272 4224 dutus
282 4173 400 4232 colorem,
410 4170 444 4219 A.
457 4170 485 4218 S.
498 4170 529 4219 L.
715 4192 726 4224 ι
739 4194 878 4256 Mam]
898 4196 927 4244 c,
944 4195 979 4244 D,
998 4198 1048 4257 23
1064 4197 1144 4247 incla.

192 4240 344 4361 Sacfflq
367 4238 400 4289 ι.
424 4240 456 4288 n.
474 4241 508 4287 e.
525 4238 570 4298 Le
592 4238 656 4298 neri,
680 4262 896 4325 mariscen.
