3142 5025
403 510 470 576 748
690 526 865 575 ursroam
888 526 1066 574 novumn.
1198 509 1283 591 [ms.
1300 523 1355 569 111.

679 702 727 748 mi
750 700 905 747 scenico
928 698 1087 747 REGINAE.

458 810 545 893 §42
569 808 710 872 Interea
734 807 888 871 surrexit
915 806 1068 889 quidam,
1090 804 1192 889 cujus
1216 823 1354 881 nomen,

407 909 439 972 si
462 910 550 972 bene
572 907 722 983 memini,
739 906 970 983 Christianus,
992 906 1121 986 reginae
1144 903 1202 990 (ut
1219 900 1354 988 audivi)

407 1007 566 1082 clericus,
588 1005 814 1088 porrexitque
843 1005 1000 1068 chartam
1025 1004 1162 1085 legat03
1197 1021 1267 1084 qua
1296 1002 1355 1066 ille

408 1108 474 1170 sub
498 1106 637 1170 silentio
658 1104 761 1181 lecta,
775 1123 861 1168 voce
876 1110 1044 1185 quantum
1067 1102 1181 1185 potuit
1198 1101 1357 1164 exaltata

408 1204 500 1268 dixit
510 1224 580 1268 non
596 1223 672 1267 esse
688 1203 892 1284 legitimam,
903 1196 1030 1284 ¹neque
1047 1201 1186 1264 deberet
1197 1200 1233 1263 in
1245 1206 1357 1275 tanto,

407 1303 669 1386 praesertimque
694 1301 892 1366 sublimium
918 1307 955 1364 et
978 1300 1217 1380 religiosarum
1238 1316 1357 1380 perso·
1450 1370 1454 1377 ¹

409 1422 545 1480 narum,
562 1407 735 1465 conventu
760 1398 911 1463 recitari.
964 1398 1098 1463 Praeter
1120 1404 1248 1461 caetera
1264 1396 1357 1459 enim

410 1521 490 1583 quaa
515 1500 797 1584 reprehensibilia
828 1504 863 1562 et
891 1496 1060 1561 notabilia
1091 1502 1189 1561 erant
1214 1496 1357 1578 scripta,

409 1606 534 1663 testem
556 1599 754 1681 appositum
773 1598 833 1680 qui
855 1597 1032 1679 praeterito
1048 1615 1152 1672 anno,
1174 1593 1212 1657 in
1237 1595 1358 1659 eodem

410 1717 480 1779 quo
495 1705 578 1761 tunc
591 1697 758 1760 sedebant
770 1695 935 1776 capitulo,
948 1694 1161 1759 venerabiles
1176 1695 1358 1777 episcopos

411 1797 566 1860 maxima
581 1796 764 1859 verborum
779 1794 931 1858 affecerit
946 1794 1164 1858 contumelia.
1217 1792 1276 1856 Ita
1296 1792 1358 1855 illo

411 1896 572 1972 tricante,
594 1894 738 1958 clericus
766 1892 933 1975 legationi
961 1912 1034 1956 suae
1056 1912 1126 1956 non
1153 1892 1273 1967 deluit,
1295 1891 1356 1954 sed

411 1994 580 2076 praeclara
591 1993 717 2057 fiducia
730 1992 849 2056 literas
863 1991 949 2074 legit
964 1992 1000 2055 in
1013 1991 1201 2068 audientia,
1210 2010 1357 2073 quarum

410 2093 487 2156 haec
512 2099 588 2157 erat
606 2111 762 2156 summa:
785 2090 975 2173 ‘Rogabat
997 2092 1119 2173 regina
1136 2091 1263 2155 obnixe
1284 2109 1358 2153 om·

411 2212 489 2255 nem
515 2193 645 2255 clerum
668 2197 931 2271 congregatum,
960 2197 995 2253 et
1029 2189 1252 2270 nuncupatim
1285 2188 1358 2270 epi-

411 2310 555 2373 scopum
568 2290 759 2354 Wintoniae
774 2288 917 2351 fratrem
931 2287 1060 2352 domini
1076 2289 1143 2366 sui,
1159 2294 1200 2351 ut
1213 2286 1360 2351 cundem

412 2389 589 2454 dominum
613 2407 722 2468 regno
753 2388 987 2465 restituerent,
1011 2406 1114 2469 quem
1143 2387 1254 2469 iniqui
1279 2386 1358 2463 viri,

413 2489 474 2570 qui
497 2490 601 2553 etiam
622 2487 779 2551 homines
802 2487 862 2550 sui
880 2492 1008 2564 essent,
1029 2487 1066 2549 in
1080 2485 1220 2550 vincula
1241 2485 1358 2569 conje-

307 2630 309 2633 -
413 2587 565 2652 cissent!
617 2586 713 2650 Huic
729 2586 947 2668 suggestioni
963 2584 1082 2649 retulit
1097 2586 1235 2666 legatus
1252 2586 1359 2649 verba

412 2687 449 2750 in
476 2687 620 2749 eandem
647 2686 855 2749 sententiam
886 2692 1019 2767 quaet
1046 2683 1356 2748 Londoniensibus

415 2783 486 2862 Illi,
501 2786 752 2849 communicato
769 2782 925 2861 consilio,
937 2784 1101 2847 dixerunt
1120 2803 1158 2846 se
1183 2782 1358 2846 decretum

414 2885 550 2947 concilii
580 2883 799 2948 convicaneis
826 2884 899 2946 suis
913 2883 1112 2960 relaturos,
1143 2889 1179 2945 et
1205 2881 1358 2945 favorem

252 3002 298 3042 ru·
306 3001 389 3041 ausen
413 3001 515 3044 suum
527 2988 695 3063 quantum
706 2987 850 3062 possent
860 2981 1089 3063 praestituros.
1125 2981 1228 3044 Feria
1238 2981 1360 3062 quinta

187 3128 192 3138 „
250 3053 371 3152 Zilil?
414 3080 566 3143 solutum
582 3086 634 3144 est
649 3079 845 3156 concilium,
854 3080 1161 3144 excommunicatis
1179 3085 1260 3142 ante
1273 3079 1361 3141 mul·

413 3179 459 3241 tis
475 3180 535 3260 qui
551 3179 724 3259 regiarum
740 3185 840 3240 erant
856 3175 1027 3260 paitium3
1050 3179 1253 3242 nominatim
1269 3177 1359 3242 Wil-

411 3277 515 3341 lelmo
529 3276 706 3353 Martello,
717 3278 777 3358 qui
791 3278 964 3358 quondam
975 3278 1142 3359 pincerna
1158 3277 1250 3358 regis
1260 3276 1359 3339 Hen-

413 3376 488 3453 rici,
505 3383 588 3441 tunc
605 3375 739 3458 dapifer
761 3375 938 3457 Stephani.
991 3375 1065 3438 Iste
1084 3377 1279 3439 immaniter
1296 3395 1357 3438 ex-

412 3476 629 3540 ulceraverat
643 3475 751 3556 legati
767 3475 934 3552 animum,
948 3475 1067 3538 multis
1089 3476 1191 3539 rebus
1208 3475 1284 3558 ejus
1306 3475 1359 3537 in-

414 3575 576 3656 terceptis
592 3580 628 3637 et
644 3573 829 3654 subreptis.

473 3762 648 3824 QUOMODO
671 3759 907 3807 IMPERATRIX
930 3759 955 3806 A
977 3758 1292 3808 LONDONIENSIBUS

762 3859 926 3906 REOEPTA
949 3857 1017 3906 Sl'l'.

250 3991 404 4081 mopsi
465 3968 553 4052 §48.
577 3968 703 4051 Itaque
726 3967 845 4030 multae
868 3965 934 4030 suit
950 3965 1050 4029 molis
1068 3965 1359 4030 Londoniensium

250 4054 387 4183 mesien-
413 4087 546 4131 animos
574 4067 788 4150 permulcere
815 4084 929 4148 posse,
959 4072 1011 4142 ut,
1039 4085 1117 4128 cum
1141 4065 1216 4129 haec
1242 4066 1360 4130 statim

651 4254 661 4288 ¹
674 4256 779 4324 Neque]
797 4257 829 4308 E.
842 4270 848 4315 ;
864 4217 895 4306 ne
907 4271 976 4318 quse,
988 4257 1016 4306 S.
1029 4255 1064 4304 D.
1076 4256 1130 4306 ua.
