3142 5025
393 515 463 609 m
612 556 726 605 onsrn
748 555 877 604 aranu
900 553 1113 603 suenorum.
1191 538 1279 620 [nra.
1295 554 1349 601 ιιι.

399 716 568 801 spicatas,
585 712 749 777 cancellis
764 712 1000 796 apostolorum
1013 710 1226 793 praefecerat.
1272 710 1349 775 Cir·

399 816 552 880 cumibat
580 831 665 896 ergo
700 832 765 895 pro
796 812 850 876 sui
882 812 1041 875 contuitu
1074 808 1177 875 officii
1206 812 1349 893 provin-

400 916 486 992 cias,
499 921 541 977 ut
556 929 738 995 perperam
754 919 836 975 acta
852 910 1051 992 corrigeret.
1089 907 1351 974 Accurrebatur

401 1015 445 1078 ab
468 1007 640 1077 ¹omnium
665 1010 823 1076 ordinum
848 1010 1056 1087 hominibus,
1080 1008 1273 1075 decisiones
1298 1009 1350 1073 di-

400 1129 580 1178 versorum
595 1112 814 1192 negotiorum
825 1108 1093 1192 postulantibus.
1144 1107 1284 1173 Cuncta
1298 1102 1350 1173 ²ei

401 1211 670 1276 submittebatur
686 1209 853 1273 secularis
869 1208 1039 1291 potentia,
1052 1214 1128 1273 tum
1144 1228 1208 1290 pro
1222 1210 1351 1272 sancti-

402 1312 500 1388 tatis,
515 1317 593 1374 tum
607 1328 671 1391 pro
684 1308 867 1373 ministerii
882 1308 991 1390 ipsius
1007 1307 1212 1372 reverentia.
1250 1307 1350 1371 Unde

402 1410 459 1473 die
488 1409 651 1491 quadam,
680 1427 759 1472 cum
790 1407 895 1471 solito
924 1406 1037 1490 major
1067 1400 1351 1487 'adequitantum

403 1515 497 1572 esset
512 1515 639 1584 turma,
655 1508 763 1571 abbas
780 1505 967 1589 praedictus
988 1506 1025 1567 in
1042 1512 1197 1583 extremo
1215 1504 1353 1587 agmine

404 1626 483 1670 cum
508 1606 686 1669 monachis
713 1606 785 1669 suis
812 1604 939 1667 sensim
962 1602 1266 1687 progrediebatur3
1298 1603 1351 1670 vi-

404 1725 513 1788 soque
535 1702 668 1767 eminus
690 1711 790 1768 tanto
811 1701 878 1767 viri
900 1702 1041 1781 honore,
1063 1702 1155 1786 quod
1178 1709 1232 1767 tot
1254 1723 1354 1766 mun·
1415 1744 1420 1751 -

403 1804 505 1868 danae
538 1808 730 1885 potestates
767 1808 890 1865 nutum
926 1801 1020 1865 illius
1057 1800 1355 1885 praestolarentur,

404 1899 643 1987 hujuscemodi
667 1900 858 1965 sententias
884 1900 1078 1964 ventilabat
1105 1902 1242 1966 animo:
1277 1897 1354 1965 Ho-

404 2002 622 2065 muncionem
636 1999 737 2063 exilis
750 2006 908 2076 staturae,
922 1997 1142 2082 despicabilis
1154 2002 1354 2083 parentelae,

406 2120 476 2183 quo
494 2100 562 2164 Dei
578 2098 712 2183 judicio
727 2104 783 2163 tot
796 2098 943 2163 divitum
958 2100 1064 2181 sepiri
1080 2098 1274 2164 famulitio?
1298 2109 1355 2165 tu-

407 2217 499 2263 mere
512 2199 611 2262 illum
633 2197 873 2281 proculdubio,
890 2204 926 2262 et
941 2198 1055 2261 metiri
1076 2198 1202 2263 altiora
1218 2200 1354 2279 merito,

407 2317 470 2381 pro
486 2305 540 2361 tot
560 2297 860 2362 obambulatorum
882 2297 1060 2378 obsequio.
1111 2296 1186 2361 Vix
1205 2299 1280 2363 haec
1297 2299 1355 2386 (ut

407 2394 500 2481 dixi)
516 2405 631 2461 mente
647 2403 816 2474 versarat,
834 2416 912 2460 cum
934 2396 1206 2474 archidiaconus,
1223 2398 1354 2464 reflexo

406 2515 496 2578 equo
513 2503 549 2561 et
566 2496 759 2560 calcaribus
773 2496 893 2573 incito,
910 2496 1052 2578 alonge
1070 2496 1223 2562 clamans
1240 2506 1275 2563 et
1291 2500 1353 2563 ab·

406 2597 523 2660 batem
545 2597 735 2672 obuncans,
751 2594 762 2630 '‘
773 2595 843 2672 Tu,
864 2595 928 2672 tu,'
950 2593 1112 2682 (inquit)
1129 2597 1238 2661 ‘male
1260 2600 1355 2680 cogi-

407 2695 503 2771 tasti,
520 2693 609 2759 falso
634 2693 807 2758 infamans
828 2694 973 2778 hujusce
989 2695 1163 2761 duntaxat
1183 2697 1234 2760 rei
1255 2698 1354 2762 inno-

407 2800 562 2858 centem:
586 2794 763 2857 nonenim
788 2794 872 2857 mihi
897 2794 986 2858 hanc
1012 2795 1169 2877 gloriam,
1192 2795 1222 2859 si
1243 2797 1355 2879 gloria

407 2893 476 2957 dici
501 2900 618 2976 potest
634 2912 713 2974 quae
736 2894 805 2957 cito
828 2894 967 2971 transit,
983 2895 1041 2958 vel
1064 2914 1129 2976 ego
1150 2895 1284 2978 imputo
1300 2897 1356 2962 vel

407 2994 452 3056 ab
469 2993 548 3056 aliis
564 2993 728 3074 imputari
742 2993 836 3080 volo,
855 2993 916 3056 sed
937 2994 1049 3057 beatis
1071 2995 1250 3077 apostolis,
1268 3017 1355 3079 quo-

407 3111 485 3155 rum
512 3090 694 3154 exhibetur
708 3091 916 3174 privilegio?
954 3091 1111 3156 Suffusus
1132 3093 1192 3157 ille
1213 3095 1355 3178 pudore,

408 3211 471 3255 nec
490 3190 675 3273 quicquam
689 3190 837 3253 inficiari
856 3209 975 3267 ausus,
997 3192 1063 3256 hoc
1085 3192 1197 3256 solum
1214 3195 1354 3260 retulit:

409 3288 574 3368 ‘Quaesa
588 3289 737 3366 domine,
754 3290 926 3371 quomodo
952 3292 1044 3354 nosti
1068 3293 1258 3374 cogitatum
1283 3313 1355 3358 me-

407 3407 479 3466 um,
504 3407 607 3470 quem
631 3388 718 3452 nulli
742 3389 1037 3454 communicavil'
1088 3389 1168 3454 ‘Ab
1185 3394 1255 3457 ore’
1269 3391 1355 3478 (ait)

407 3493 500 3564 ‘tuo,
515 3488 617 3570 quasi
631 3507 693 3570 per
708 3486 857 3566 fistulas,
877 3488 920 3553 ad
937 3507 1038 3552 aures
1054 3508 1149 3554 meas
1167 3494 1278 3556 omnis
1294 3493 1357 3557 illa

405 3588 573 3668 cogitatio
586 3586 735 3650 deducta
750 3587 829 3651 est?

458 3685 566 3769 §264
591 3683 681 3750 Item
696 3685 732 3749 in
749 3685 869 3750 cadem
890 3687 1070 3769 provincia
1091 3688 1271 3752 ecclesiam
1298 3707 1356 3752 ur-

406 3787 534 3850 banam
556 3785 716 3867 ingressi,
734 3793 815 3849 ante
832 3804 928 3849 aram
951 3786 1160 3850 continuatis
1176 3795 1211 3851 et
1222 3787 1355 3871 junctis

406 3883 573 3950 lateribus
597 3903 636 3948 se
665 3890 938 3967 prostraverant.
990 3884 1034 3948 In
1061 3886 1207 3950 multam
1237 3887 1357 3951 horam
1400 3881 1410 3894 “

446 4120 604 4188 maa]
623 4126 654 4174 o.
670 4123 706 4175 o.
725 4125 776 4186 r.;
793 4095 871 4174 omio-
894 4121 927 4173 s.
946 4123 975 4174 s.
994 4124 1025 4176 c.
1042 4125 1077 4174 o.
1099 4125 1131 4174 a.
1148 4125 1218 4188 r1.;
1241 4129 1279 4178 eis
1300 4131 1360 4180 suo.

409 4192 468 4255 bus,
477 4192 512 4242 Δ.
524 4193 553 4242 S.
564 4194 596 4242 L.
895 4194 1220 4328 mittabfetutfitss'ctrzffibuls),
1231 4197 1293 4316 1332.⁸
1310 4271 1344 4320 ad

444 4328 506 4380 ’ns
524 4330 711 4381 mucetum
731 4334 870 4397 sesua]
893 4280 1111 4397 uniendum.
1123 4299 1153 4385 ε’.
1167 4336 1196 4386 c.
1208 4301 1239 4387 n.
1270 4303 1293 4330 ''
1344 4297 1357 4312 ⁸
