3142 5025
436 504 501 571 432
662 518 778 569 unsri
801 518 929 567 ancuu
953 516 1168 566 rucuonuu.
1233 481 1393 583 [maru.
1503 514 1508 522 ·

440 676 568 741 Libens
598 676 633 740 id
665 695 790 740 munus
820 674 973 758 suscepit
1000 674 1210 753 Willelmus,
1241 681 1294 752 ut,
1323 673 1389 739 soe·

439 777 569 840 deratis
588 796 679 840 cum,
694 776 854 840 Richilde
876 775 1018 857 nuptiis,
1040 774 1146 838 altius
1174 792 1299 838 nomen
1323 774 1389 838 sibi

439 882 591 958 pararet.
642 873 694 939 At
712 874 785 953 illa,
803 874 966 938 foemineo
982 873 1077 937 fastu
1092 866 1280 956 ¹ampliora
1301 891 1389 937 sexu

439 976 588 1057 spirans,
619 992 779 1057 novaque
806 994 828 1037 a
858 972 1127 1056 provinciaiibus
1148 974 1281 1036 tributa
1314 974 1389 1037 exi-

440 1094 538 1156 gens,
559 1074 597 1137 in
618 1073 797 1156 perfidiam
818 1072 898 1136 illos
920 1072 1108 1151 excitavit3
1132 1073 1240 1136 misso
1261 1072 1389 1155 quippe

439 1181 581 1256 propter
616 1172 808 1237 Robertum
844 1172 1024 1236 Frisonem
1055 1172 1194 1253 nuncio,
1229 1177 1271 1235 ut
1305 1189 1389 1255 sup-

440 1274 602 1356 plicantis
627 1272 750 1355 patriae
774 1272 929 1335 habenas
954 1270 1137 1353 acciperet,
1154 1289 1289 1334 omnem
1305 1270 1390 1334 fide·

439 1373 574 1436 litatem
590 1370 750 1449 Arnulfo,
776 1372 837 1453 qui
857 1371 932 1454 Jam
957 1388 1072 1433 comes
1087 1370 1291 1461 dicebatur,
1306 1363 1319 1400 ²
1325 1371 1387 1433 ab·

434 1470 568 1554 jurant.
628 1470 704 1534 Nec
733 1488 817 1534 vero
849 1469 988 1534 defuere
1022 1470 1083 1551 qui
1113 1469 1238 1552 pupilli
1269 1476 1388 1551 partes

439 1571 622 1649 fulcirent3
653 1570 705 1633 ita
733 1570 853 1632 multis
875 1570 997 1632 diebus
1023 1567 1189 1631 Flaudria
1211 1569 1387 1632 intestinis

440 1668 712 1733 dissensionibus
742 1670 959 1732 conturbata.
1029 1666 1072 1730 Id
1105 1667 1196 1731 filius
1226 1666 1387 1745 Osberni,

440 1770 500 1850 qui
523 1775 618 1832 totus
643 1769 681 1830 in
705 1787 857 1831 amorem
882 1767 1035 1830 mulieris
1061 1773 1291 1843 concesserat,
1312 1768 1387 1849 pati

440 1867 607 1950 nequivit,
624 1867 719 1949 quin,
737 1866 879 1929 militari
900 1885 1004 1929 manu
1025 1872 1160 1942 coacta,
1185 1865 1387 1929 Flandriam

355 2006 357 2009 -
439 1966 604 2046 intraret;
628 1972 879 2048 susceptusque
901 1965 1012 2048 primo
1035 1965 1080 2027 ab
1099 1963 1154 2027 his
1173 1982 1261 2046 quos
1278 1965 1385 2028 tutari

438 2072 593 2142 venerat,
610 2072 690 2147 post
712 2084 843 2147 paucos
865 2064 939 2127 dies
961 2082 1102 2128 securus
1121 2064 1165 2127 de
1181 2064 1326 2128 castello
1347 2065 1385 2127 in

438 2164 532 2227 aliud
557 2165 748 2247 equitabat,
778 2164 962 2246 expeditus
985 2182 1064 2226 cum
1086 2164 1227 2244 paucis:
1251 2170 1386 2241 contra,

439 2264 552 2340 Friso,
570 2257 672 2346 quem
695 2262 892 2347 hujusmodi
904 2262 1049 2326 fatuitas
1069 2281 1140 2325 non
1160 2263 1303 2339 latebat,
1326 2281 1386 2326 oc·

438 2362 578 2426 cultatis
610 2362 745 2426 insidiis
773 2360 953 2444 inopinum
983 2361 1133 2443 excepit,
1164 2368 1212 2439 et,
1243 2362 1386 2443 nequic-

437 2480 541 2545 quam
558 2461 694 2527 fortiter
718 2469 892 2544 agentem,
905 2451 1020 2545 ip'sum
1041 2468 1077 2526 et
1098 2468 1258 2544 nepotem
1284 2479 1384 2525 suum

437 2559 624 2625 Arnulfum
640 2561 776 2626 cecidit.

489 2660 598 2744 §252
622 2659 681 2724 Ita
706 2659 871 2724 Flandria
893 2658 1037 2742 potitus,
1062 2678 1156 2741 saepe
1169 2658 1385 2723 Willelmum

436 2778 551 2840 regem
575 2759 820 2823 Normannicis
835 2759 961 2840 praedis
982 2759 1144 2823 irritavit.
1197 2758 1287 2822 Filia
1308 2760 1385 2842 ejus

436 2857 588 2922 Cnutoni
612 2860 686 2940 regi
712 2860 893 2922 Danorum
921 2858 1051 2939 nupsit,
1076 2859 1119 2921 de
1145 2877 1216 2940 qua
1245 2859 1386 2939 genitus

434 2965 487 3021 est
502 2951 689 3035 8ΚειτοΙιιε,
705 2959 765 3040 qui
790 2956 893 3021 modo
915 2957 1134 3039 principatur
1150 2957 1188 3019 in
1208 2956 1385 3022 Flandria.

435 3055 564 3120 Pacem
584 3075 663 3119 cum
678 3056 844 3139 Philippo
866 3075 947 3137 rege
967 3056 1194 3137 comparavit,
1211 3055 1295 3119 data
1317 3056 1394 3133 sibi,

432 3154 469 3217 in
486 3174 632 3218 uxorem
647 3155 820 3238 privigna,
836 3154 879 3218 de
896 3173 966 3236 qua
986 3155 1045 3217 ille
1062 3153 1284 3218 Lodowicum
1301 3155 1385 3219 tulit

433 3253 494 3334 qui
514 3255 617 3342 modo
640 3262 765 3336 regnat
789 3255 826 3317 in
857 3253 1028 3332 Francia3
1064 3272 1128 3317 nec
1153 3254 1263 3317 multo
1290 3261 1383 3337 post,

432 3360 601 3434 pertaesus
616 3353 791 3430 connubii,
806 3351 917 3438 (quod
938 3351 1000 3415 illa
1021 3353 1235 3434 praepinguis
1257 3372 1385 3434 corpu-

432 3442 549 3515 lentiae
571 3449 693 3536 esset,)
710 3471 731 3515 a
750 3451 842 3516 lecto
863 3452 1021 3528 removit,
1036 3470 1250 3533 uxoremque
1265 3450 1384 3515 Ande-

432 3552 594 3630 gavensis
610 3551 744 3615 comitis
767 3557 890 3616 contra
905 3549 959 3612 fas
974 3557 1010 3613 et
1020 3549 1080 3633 jus
1097 3551 1165 3613 sibi
1186 3550 1383 3633 conjunxit.

432 3649 561 3713 Eorum
586 3648 753 3714 affinitate
769 3656 878 3726 tutus,
899 3648 1085 3722 Robertus
1099 3647 1185 3712 nihil
1207 3649 1301 3731 quod
1322 3648 1384 3713 de·

466 3936 1000 4002 ¹Ampliom.]C.D.;altioraoe1Good.
1037 3937 1200 3987 Hewasthe
1218 3939 1381 3989 ronoscnut

382 4079 388 4090 -
429 4006 890 4139 circumiret-i.
915 4007 1382 4138 aucuerre„

427 4147 565 4208 abjuravit,
578 4113 615 4196 cs
672 4110 680 4127 ⁶
722 4109 729 4126 ’
777 4111 784 4125 ’
823 4111 830 4125 ’
866 4110 891 4136 ”
916 4146 958 4194 ue
970 4147 1111 4214 sumum
1125 4148 1262 4196 nauuoun
1273 4148 1337 4198 vn.
1350 4163 1382 4197 aa

462 4213 472 4242 ³
483 4216 599 4276 Karalus,
606 4214 648 4277 qui
659 4215 726 4262 modo
735 4214 891 4279 principatur
914 4216 967 4264 earl
975 4215 1208 4282 ofFlandersfflth
1216 4218 1285 4267 June
1294 4215 1381 4282 111⁹),

427 4284 452 4334 in
465 4283 606 4347 flandria]
627 4282 743 4346 Chadas,
754 4285 836 4334 called
847 4284 890 4333 tire
914 4285 965 4334 and
978 4285 1038 4334 died
1049 4286 1100 4334 ind
1111 4286 1202 4335 March
1214 4289 1288 4337 112⁷.
