3142 5025
224 515 294 563 nm.
313 498 364 579 v.]
451 512 565 561 curre
589 511 717 561 arcun
740 510 956 561 succorum
1108 495 1175 561 639

226 670 324 735 miles
350 669 471 753 pennis
495 686 660 733 aucarum
685 668 745 731 ubi
767 665 930 733 desinunt
951 668 1091 751 plumae,
1113 668 1175 733 sed

224 770 331 852 paulo
355 769 434 851 plus
465 787 615 851 grossce3
649 767 749 849 nigro
775 775 811 831 et
833 768 912 832 elbo
939 767 1041 851 quasi
1067 768 1174 832 inter·

225 869 356 933 tinctae.

277 966 295 1051 §
319 966 395 1030 410.
421 962 515 1029 Illud
538 970 667 1047 praeter
694 970 822 1029 caetera
853 962 1044 1028 Henricum
1066 964 1175 1046 insig-

228 1066 357 1141 niebat,
373 1063 478 1146 quod,
495 1063 655 1146 quamvis
666 1082 729 1147 pro
743 1063 948 1128 tumultibus
964 1063 1175 1128 Normanni·

228 1164 278 1227 cis
296 1182 389 1245 saepe
406 1168 441 1226 et
454 1162 514 1225 diu
531 1181 639 1244 regno
664 1181 728 1226 suo
742 1162 890 1239 deesset,
904 1161 956 1226 ita
971 1164 1095 1227 timore
1111 1181 1175 1226 suo

227 1263 372 1327 rebelles
386 1261 568 1338 fraenabat,
582 1267 623 1325 ut
638 1260 723 1325 nihil
735 1262 833 1343 pacis
843 1262 879 1324 in
893 1259 1025 1344 Anglia
1041 1260 1175 1325 deside·
1251 1308 1259 1325 .

228 1380 342 1441 rares3
367 1360 529 1443 quocirca
549 1361 654 1425 etiam
673 1367 805 1424 exterae
829 1368 951 1442 gentes
971 1360 1066 1438 illuc,
1079 1360 1175 1425 velut

228 1459 273 1523 ad
287 1459 427 1526 unicum
442 1466 528 1523 tutae
544 1459 670 1542 quietis
686 1466 838 1541 portum,
858 1459 1006 1523 libenter
1022 1459 1176 1542 appelle·

228 1561 324 1623 bant.
376 1558 536 1640 Denique
552 1557 729 1622 Siwardus
744 1577 808 1621 rex
823 1555 1043 1635 Noricorum,
1062 1557 1175 1641 primo
1186 1571 1328 1670 {mppr

228 1658 295 1722 ccvi
330 1676 495 1739 processu
530 1656 729 1721 fortissimis
764 1656 1003 1733 conferendus,
1036 1658 1175 1738 incepto
1308 1649 1313 1659 “

226 1757 349 1821 itinere
369 1756 670 1838 Ierosolymitano,
694 1763 887 1838 rogataque
912 1756 1007 1837 regis
1025 1774 1123 1839 pace,
1138 1754 1175 1818 in

228 1853 360 1936 Anglia
387 1861 462 1919 tota
483 1856 610 1919 resedit
629 1854 772 1937 hyeme;
796 1853 1013 1937 plurimoque
1035 1873 1097 1936 per
1118 1873 1175 1918 eo·

227 1954 354 2018 clesias
370 1972 456 2018 auro
470 1973 636 2036 expenso,
657 1972 752 2030 mox,
770 1961 811 2017 ut
827 1953 1004 2017 Favonius
1021 1953 1066 2017 ad
1082 1972 1173 2016 sere·

229 2054 373 2117 nitatem
388 2053 504 2135 pelagi
517 2052 676 2117 vernales
690 2059 811 2135 portas
833 2053 981 2135 aporuit,
997 2070 1105 2115 naves
1121 2071 1175 2115 re·

228 2152 330 2235 petiit
343 2172 352 2231 3
375 2158 628 2233 provectusque
638 2152 675 2215 in
693 2151 816 2228 altum,
828 2144 837 2182 ¹
850 2150 1015 2215 Baleares
1030 2150 1175 2228 insulas,

227 2270 308 2333 quse
333 2250 505 2333 Majorioa
527 2257 562 2314 et
584 2250 757 2314 Minorica
780 2251 954 2327 dicuntur,
977 2251 1083 2313 armis
1105 2256 1175 2313 ter·
1247 2332 1253 2340 ³

229 2350 327 2425 ritas,
343 2348 514 2413 faciliores
531 2349 575 2417 ad
597 2348 826 2429 subigendum
840 2348 987 2430 praefato
999 2348 1176 2413 Willelmo

229 2448 272 2513 de
288 2447 411 2515 Monte
429 2447 576 2514 Pislerio
592 2447 743 2531 reliquit.
788 2446 876 2514 Inde
890 2446 1064 2531 pertendit
1079 2447 1175 2511 Iero-

230 2548 411 2631 solymam,
437 2548 584 2613 navibus
611 2548 768 2612 omnibus
794 2547 1024 2612 incolumibus
1049 2553 1178 2632 praeter

230 2666 356 2726 unam;
378 2666 470 2728 quae,
484 2647 566 2710 dum
586 2647 778 2712 retinacula
793 2665 815 2711 a
829 2654 935 2730 portu
955 2648 1090 2712 solvere
1104 2654 1177 2731 tar·

231 2745 304 2822 dat,
328 2746 493 2827 absorpta
517 2752 571 2810 est
593 2746 736 2811 immani
759 2747 928 2828 voragine
949 2746 1072 2833 (quam
1087 2747 1179 2810 inter

232 2844 427 2927 sequanica
440 2851 476 2908 et
493 2842 700 2927 Aquitanica
714 2846 835 2910 littora
851 2863 927 2910 esse
941 2840 1092 2910 ²Paulus
1106 2844 1178 2908 bis·

231 2943 361 3008 toricus
392 2943 699 3025 Longobardorum
736 2943 944 3030 asseverat),
981 2951 1080 3009 tanto
1112 2962 1178 3007 un-

231 3041 352 3106 darum
380 3043 513 3125 impetu
537 3050 576 3108 ut
605 3044 650 3108 ad
675 3044 822 3127 triginta
846 3045 1009 3109 milliaria
1030 3044 1178 3126 garruli·

232 3148 287 3206 tas
297 3141 511 3206 discernatur
524 3161 705 3224 aquarum.
758 3143 1009 3227 lerosolymam
1023 3143 1179 3221 veniens,

231 3240 363 3325 Tyrum
387 3248 422 3306 et
447 3240 621 3319 Sidonem,
647 3229 750 3306 urbes
778 3261 867 3325 quas
892 3263 987 3307 mare
1008 3243 1178 3320 allambit,

231 3341 275 3404 ad
290 3339 564 3405 Christianitatis
587 3342 735 3422 gratiam
754 3341 901 3418 obsedit,
924 3343 1070 3423 effregit,
1095 3342 1179 3405 sub·

230 3441 314 3522 egit.
368 3440 508 3504 Mutato
536 3439 660 3503 itinere
683 3438 1021 3523 Constantinopolim
1043 3441 1179 3523 ingres·

265 3645 425 3713 ¹Baleurec.]
442 3648 476 3700 A.
493 3649 522 3701 S.
537 3651 566 3701 C.
585 3649 620 3700 D.
634 3650 658 3698 E
665 3652 691 3702 b.
716 3649 812 3710 empire
847 3650 881 3710 by
909 3648 1093 3710 Oberlemegne
1124 3663 1180 3698 πω

232 3719 279 3776 L.;
296 3719 509 3783 Belcarum,El.
715 3717 837 3769 founded.
889 3718 986 3780 Sberpe
1013 3732 1082 3780 says,
1109 3718 1180 3767 ‘that

717 3787 893 3848 Melmesbury
902 3787 962 3836 bere
972 3801 1054 3837 seems
1062 3792 1087 3836 to
1099 3787 1179 3849 imply

264 3853 379 3905 'Paulus
389 3855 692 3919 historicasboagobcrdo·
715 3856 771 3906 tbut
788 3856 831 3906 the
848 3857 931 3906 vessel
948 3871 1004 3906 was
1024 3856 1074 3906 lost
1090 3857 1117 3905 in
1135 3857 1178 3905 the

229 3925 312 3988 rum]
342 3925 441 3974 Paulus
470 3926 611 3989 Diaconus,
638 3925 692 3975 also
716 3926 941 3983 Mediterraneum
968 3927 1015 3974 but
1037 3924 1062 3974 if
1080 3940 1119 3987 so,
1146 3925 1178 3975 he

231 3995 313 4044 called
325 3993 445 4056 Winlrid,
454 4009 510 4044 was
529 4000 655 4057 secreury
667 4001 692 4045 to
716 3995 918 4046 misunderstood
929 3995 1028 4044 Paulus
1037 3994 1180 4057 Diaconus,

230 4065 392 4125 Desiderius,
418 4064 468 4113 lest
486 4064 515 4112 os
538 4065 580 4114 tbe
608 4065 692 4114 native
716 4064 774 4114 who
792 4066 816 4113 is
834 4065 959 4128 speaking
977 4065 1007 4114 of
1018 4064 1182 4115 tbeRaceos

230 4135 330 4196 princes
352 4131 381 4182 ol
400 4133 551 4196 Lombardy.
592 4135 692 4186 Paulus
717 4134 864 4196 Alderney!
880 4135 946 4184 Vide
957 4135 1034 4184 Paul.
1046 4135 1121 4185 Diec.
1132 4135 1177 4184 lib.

231 4210 309 4253 wrote
328 4203 368 4253 his
387 4203 493 4264 History
512 4203 541 4252 os
554 4203 596 4252 the
617 4203 691 4253 bom·
716 4217 735 4253 1.
746 4219 769 4254 c.
782 4208 815 4266 ῦς
834 4218 876 4267 ep.
895 4205 1029 4269 Muratori,
1047 4205 1106 4254 Rer.
1119 4205 1178 4254 Ital.

228 4274 315 4337 barda,
330 4273 356 4322 in
378 4272 419 4321 six
440 4272 529 4336 bools,
547 4272 632 4323 before
651 4274 692 4323 tbe
717 4273 880 4336 Scripttom.
892 4287 911 4325 1.
