<?xml version="1.0" encoding="UTF-8"?>
<!DOCTYPE html PUBLIC "-//W3C//DTD XHTML 1.0 Transitional//EN"
    "http://www.w3.org/TR/xhtml1/DTD/xhtml1-transitional.dtd">
<html xmlns="http://www.w3.org/1999/xhtml" xml:lang="en" lang="en">
 <head>
  <title>
</title>
<meta http-equiv="Content-Type" content="text/html;charset=utf-8" />
  <meta name='ocr-system' content='tesseract 3.04.00' />
  <meta name='ocr-capabilities' content='ocr_page ocr_carea ocr_par ocr_line ocrx_word'/>
</head>
<body>
  <div class='ocr_page' id='page_1' title='image "./willelmimalmesb01willgoog_0291.png"; bbox 0 0 3142 5025; ppageno 0'>
   <div class='ocr_carea' id='block_1_1' title="bbox 392 476 1333 558">
    <p class='ocr_par' dir='ltr' id='par_1_1' title="bbox 392 476 1333 558">
     <span class='ocr_line' id='line_1_1' title="bbox 392 476 1333 558; baseline -0.01 -14"><span class='ocrx_word' id='word_1_1' title='bbox 392 476 459 544; x_wconf 80' lang='grc'><strong>648</strong></span> <span class='ocrx_word' id='word_1_2' title='bbox 608 492 722 542; x_wconf 75' lang='lat' dir='ltr'><strong>onsra</strong></span> <span class='ocrx_word' id='word_1_3' title='bbox 745 492 873 541; x_wconf 77' lang='lat' dir='ltr'><strong>arcun</strong></span> <span class='ocrx_word' id='word_1_4' title='bbox 897 492 1110 541; x_wconf 74' lang='lat' dir='ltr'><strong>ssocoauu.</strong></span> <span class='ocrx_word' id='word_1_5' title='bbox 1209 476 1296 558; x_wconf 78' lang='lat' dir='ltr'><strong>[crs.</strong></span> <span class='ocrx_word' id='word_1_6' title='bbox 1311 490 1333 535; x_wconf 84' lang='lat' dir='ltr'>v</span> 
     </span>
    </p>
   </div>
   <div class='ocr_carea' id='block_1_2' title="bbox 232 648 1360 3220">
    <p class='ocr_par' dir='ltr' id='par_1_2' title="bbox 232 648 1360 2325">
     <span class='ocr_line' id='line_1_2' title="bbox 233 648 1347 732; baseline 0.001 -21"><span class='ocrx_word' id='word_1_7' title='bbox 233 667 383 722; x_wconf 61' lang='lat' dir='ltr'><strong>mmm</strong></span> <span class='ocrx_word' id='word_1_8' title='bbox 397 649 511 732; x_wconf 83' lang='lat' dir='ltr'><strong>gratia</strong></span> <span class='ocrx_word' id='word_1_9' title='bbox 537 650 581 713; x_wconf 90' lang='lat' dir='ltr'><strong>ad</strong></span> <span class='ocrx_word' id='word_1_10' title='bbox 600 648 668 714; x_wconf 91' lang='lat' dir='ltr'><strong>hoc</strong></span> <span class='ocrx_word' id='word_1_11' title='bbox 690 648 918 714; x_wconf 90' lang='lat' dir='ltr'><strong>omittendum</strong></span> <span class='ocrx_word' id='word_1_12' title='bbox 945 667 1006 712; x_wconf 91' lang='lat' dir='ltr'><strong>cor</strong></span> <span class='ocrx_word' id='word_1_13' title='bbox 1019 649 1155 729; x_wconf 80' lang='lat' dir='ltr'><strong>regium</strong></span> <span class='ocrx_word' id='word_1_14' title='bbox 1170 655 1243 713; x_wconf 87' lang='lat' dir='ltr'><strong>tuae</strong></span> <span class='ocrx_word' id='word_1_15' title='bbox 1256 668 1347 731; x_wconf 87' lang='lat' dir='ltr'><strong>prae·</strong></span> 
     </span>
     <span class='ocr_line' id='line_1_3' title="bbox 232 720 1349 831; baseline -0.003 -17"><span class='ocrx_word' id='word_1_16' title='bbox 232 720 359 765; x_wconf 56' lang='lat' dir='ltr'><strong>”m</strong></span> <span class='ocrx_word' id='word_1_17' title='bbox 397 749 579 813; x_wconf 83' lang='lat' dir='ltr'><strong>dicationis</strong></span> <span class='ocrx_word' id='word_1_18' title='bbox 607 749 774 812; x_wconf 87' lang='lat' dir='ltr'><strong>imbribus</strong></span> <span class='ocrx_word' id='word_1_19' title='bbox 802 748 990 812; x_wconf 82' lang='lat' dir='ltr'><strong>molliatur.</strong></span> <span class='ocrx_word' id='word_1_20' title='bbox 1043 747 1222 812; x_wconf 75' lang='lat' dir='ltr'><strong>Praeterea</strong></span> <span class='ocrx_word' id='word_1_21' title='bbox 1243 768 1349 831; x_wconf 85' lang='lat' dir='ltr'><strong>super</strong></span> 
     </span>
     <span class='ocr_line' id='line_1_4' title="bbox 398 844 1347 934; baseline -0.003 -21"><span class='ocrx_word' id='word_1_22' title='bbox 398 849 569 932; x_wconf 91' lang='lat' dir='ltr'><strong>episcopis</strong></span> <span class='ocrx_word' id='word_1_23' title='bbox 585 849 645 931; x_wconf 92' lang='lat' dir='ltr'><strong>qui</strong></span> <span class='ocrx_word' id='word_1_24' title='bbox 667 848 795 913; x_wconf 86' lang='lat' dir='ltr'><strong>falsum</strong></span> <span class='ocrx_word' id='word_1_25' title='bbox 810 845 869 934; x_wconf 92' lang='lat' dir='ltr'><strong>(ut</strong></span> <span class='ocrx_word' id='word_1_26' title='bbox 883 844 993 931; x_wconf 87' lang='lat' dir='ltr'><strong>nosti)</strong></span> <span class='ocrx_word' id='word_1_27' title='bbox 1011 866 1032 911; x_wconf 93' lang='lat' dir='ltr'><strong>a</strong></span> <span class='ocrx_word' id='word_1_28' title='bbox 1054 848 1154 911; x_wconf 87' lang='lat' dir='ltr'><strong>nobis</strong></span> <span class='ocrx_word' id='word_1_29' title='bbox 1176 867 1347 911; x_wconf 88' lang='lat' dir='ltr'><strong>rumorem</strong></span> 
     </span>
     <span class='ocr_line' id='line_1_5' title="bbox 400 948 1349 1027; baseline -0.003 -14"><span class='ocrx_word' id='word_1_30' title='bbox 400 948 603 1027; x_wconf 87' lang='lat' dir='ltr'><strong>retulerunt,</strong></span> <span class='ocrx_word' id='word_1_31' title='bbox 618 966 679 1013; x_wconf 87' lang='lat' dir='ltr'><strong>cor</strong></span> <span class='ocrx_word' id='word_1_32' title='bbox 690 954 850 1012; x_wconf 88' lang='lat' dir='ltr'><strong>nostrum</strong></span> <span class='ocrx_word' id='word_1_33' title='bbox 864 953 1074 1012; x_wconf 90' lang='lat' dir='ltr'><strong>commotum</strong></span> <span class='ocrx_word' id='word_1_34' title='bbox 1096 954 1151 1012; x_wconf 92' lang='lat' dir='ltr'><strong>est</strong></span> <span class='ocrx_word' id='word_1_35' title='bbox 1166 948 1349 1013; x_wconf 83' lang='lat' dir='ltr'><strong>vehemen-</strong></span> 
     </span>
     <span class='ocr_line' id='line_1_6' title="bbox 400 1046 1349 1132; baseline -0.003 -19"><span class='ocrx_word' id='word_1_36' title='bbox 400 1050 483 1127; x_wconf 83' lang='lat' dir='ltr'><strong>tius,</strong></span> <span class='ocrx_word' id='word_1_37' title='bbox 501 1049 584 1132; x_wconf 88' lang='lat' dir='ltr'><strong>quia</strong></span> <span class='ocrx_word' id='word_1_38' title='bbox 598 1067 668 1113; x_wconf 89' lang='lat' dir='ltr'><strong>non</strong></span> <span class='ocrx_word' id='word_1_39' title='bbox 682 1048 795 1111; x_wconf 90' lang='lat' dir='ltr'><strong>solum</strong></span> <span class='ocrx_word' id='word_1_40' title='bbox 812 1066 877 1111; x_wconf 88' lang='lat' dir='ltr'><strong>nos</strong></span> <span class='ocrx_word' id='word_1_41' title='bbox 889 1047 1066 1125; x_wconf 86' lang='lat' dir='ltr'><strong>laeserunt,</strong></span> <span class='ocrx_word' id='word_1_42' title='bbox 1081 1046 1143 1111; x_wconf 89' lang='lat' dir='ltr'><strong>sed</strong></span> <span class='ocrx_word' id='word_1_43' title='bbox 1162 1047 1349 1111; x_wconf 87' lang='lat' dir='ltr'><strong>multorum</strong></span> 
     </span>
     <span class='ocr_line' id='line_1_7' title="bbox 342 1146 1350 1231; baseline -0.004 -18"><span class='ocrx_word' id='word_1_44' title='bbox 342 1210 347 1223; x_wconf 83' lang='grc'>,</span> <span class='ocrx_word' id='word_1_45' title='bbox 402 1148 610 1231; x_wconf 91' lang='lat' dir='ltr'><strong>simplicium</strong></span> <span class='ocrx_word' id='word_1_46' title='bbox 625 1148 758 1211; x_wconf 89' lang='lat' dir='ltr'><strong>animas</strong></span> <span class='ocrx_word' id='word_1_47' title='bbox 773 1146 994 1229; x_wconf 89' lang='lat' dir='ltr'><strong>deceperunt,</strong></span> <span class='ocrx_word' id='word_1_48' title='bbox 1005 1153 1041 1210; x_wconf 83' lang='lat' dir='ltr'><strong>et</strong></span> <span class='ocrx_word' id='word_1_49' title='bbox 1055 1166 1171 1228; x_wconf 80' lang='lat' dir='ltr'><strong>regem</strong></span> <span class='ocrx_word' id='word_1_50' title='bbox 1183 1146 1350 1211; x_wconf 84' lang='lat' dir='ltr'><strong>adversus</strong></span> 
     </span>
     <span class='ocr_line' id='line_1_8' title="bbox 403 1245 1351 1329; baseline -0.002 -16"><span class='ocrx_word' id='word_1_51' title='bbox 403 1247 610 1313; x_wconf 86' lang='lat' dir='ltr'><strong>charitatem</strong></span> <span class='ocrx_word' id='word_1_52' title='bbox 626 1246 718 1313; x_wconf 90' lang='lat' dir='ltr'><strong>sedis</strong></span> <span class='ocrx_word' id='word_1_53' title='bbox 734 1245 937 1329; x_wconf 86' lang='lat' dir='ltr'><strong>apostolicae</strong></span> <span class='ocrx_word' id='word_1_54' title='bbox 955 1245 1186 1328; x_wconf 82' lang='lat' dir='ltr'><strong>impulerunt3</strong></span> <span class='ocrx_word' id='word_1_55' title='bbox 1209 1246 1351 1311; x_wconf 89' lang='lat' dir='ltr'><strong>undeet</strong></span> 
     </span>
     <span class='ocr_line' id='line_1_9' title="bbox 403 1344 1353 1428; baseline -0.003 -16"><span class='ocrx_word' id='word_1_56' title='bbox 403 1347 552 1412; x_wconf 91' lang='lat' dir='ltr'><strong>inultum</strong></span> <span class='ocrx_word' id='word_1_57' title='bbox 590 1365 709 1412; x_wconf 88' lang='lat' dir='ltr'><strong>eorum</strong></span> <span class='ocrx_word' id='word_1_58' title='bbox 737 1344 921 1428; x_wconf 79' lang='lat' dir='ltr'><strong>flagitium,</strong></span> <span class='ocrx_word' id='word_1_59' title='bbox 950 1346 1101 1409; x_wconf 90' lang='lat' dir='ltr'><strong>Domino</strong></span> <span class='ocrx_word' id='word_1_60' title='bbox 1132 1353 1353 1428; x_wconf 81' lang='lat' dir='ltr'><strong>cooperante,</strong></span> 
     </span>
     <span class='ocr_line' id='line_1_10' title="bbox 404 1443 1354 1529; baseline -0.004 -18"><span class='ocrx_word' id='word_1_61' title='bbox 404 1466 475 1511; x_wconf 87' lang='lat' dir='ltr'><strong>non</strong></span> <span class='ocrx_word' id='word_1_62' title='bbox 489 1446 659 1529; x_wconf 76' lang='lat' dir='ltr'><strong>patimurz</strong></span> <span class='ocrx_word' id='word_1_63' title='bbox 686 1445 746 1508; x_wconf 86' lang='lat' dir='ltr'><strong>sed</strong></span> <span class='ocrx_word' id='word_1_64' title='bbox 763 1446 848 1527; x_wconf 92' lang='lat' dir='ltr'><strong>quia</strong></span> <span class='ocrx_word' id='word_1_65' title='bbox 864 1443 926 1509; x_wconf 88' lang='lat' dir='ltr'><strong>tilii</strong></span> <span class='ocrx_word' id='word_1_66' title='bbox 940 1445 1051 1509; x_wconf 87' lang='lat' dir='ltr'><strong>nostri</strong></span> <span class='ocrx_word' id='word_1_67' title='bbox 1070 1446 1163 1526; x_wconf 78' lang='lat' dir='ltr'><strong>regis</strong></span> <span class='ocrx_word' id='word_1_68' title='bbox 1186 1444 1354 1509; x_wconf 89' lang='lat' dir='ltr'><strong>instantia</strong></span> 
     </span>
     <span class='ocr_line' id='line_1_11' title="bbox 405 1543 1352 1630; baseline -0.002 -21"><span class='ocrx_word' id='word_1_69' title='bbox 405 1565 469 1630; x_wconf 87' lang='lat' dir='ltr'><strong>pro</strong></span> <span class='ocrx_word' id='word_1_70' title='bbox 486 1544 529 1609; x_wconf 89' lang='lat' dir='ltr'><strong>iis</strong></span> <span class='ocrx_word' id='word_1_71' title='bbox 551 1563 614 1609; x_wconf 91' lang='lat' dir='ltr'><strong>nos</strong></span> <span class='ocrx_word' id='word_1_72' title='bbox 632 1544 751 1627; x_wconf 87' lang='lat' dir='ltr'><strong>pulsat</strong></span> <span class='ocrx_word' id='word_1_73' title='bbox 767 1543 950 1621; x_wconf 86' lang='lat' dir='ltr'><strong>attentius,</strong></span> <span class='ocrx_word' id='word_1_74' title='bbox 971 1543 1076 1607; x_wconf 90' lang='lat' dir='ltr'><strong>etiam</strong></span> <span class='ocrx_word' id='word_1_75' title='bbox 1093 1545 1179 1627; x_wconf 90' lang='lat' dir='ltr'><strong>ipsis</strong></span> <span class='ocrx_word' id='word_1_76' title='bbox 1200 1563 1352 1609; x_wconf 89' lang='lat' dir='ltr'><strong>commu-</strong></span> 
     </span>
     <span class='ocr_line' id='line_1_12' title="bbox 407 1642 1353 1726; baseline -0.003 -17"><span class='ocrx_word' id='word_1_77' title='bbox 407 1644 521 1711; x_wconf 86' lang='lat' dir='ltr'><strong>nionis</strong></span> <span class='ocrx_word' id='word_1_78' title='bbox 538 1651 609 1708; x_wconf 84' lang='lat' dir='ltr'><strong>tuae</strong></span> <span class='ocrx_word' id='word_1_79' title='bbox 619 1642 841 1726; x_wconf 82' lang='lat' dir='ltr'><strong>participium</strong></span> <span class='ocrx_word' id='word_1_80' title='bbox 856 1662 926 1707; x_wconf 90' lang='lat' dir='ltr'><strong>non</strong></span> <span class='ocrx_word' id='word_1_81' title='bbox 940 1643 1097 1725; x_wconf 79' lang='lat' dir='ltr'><strong>negabis.</strong></span> <span class='ocrx_word' id='word_1_82' title='bbox 1131 1643 1223 1708; x_wconf 88' lang='lat' dir='ltr'><strong>Sane</strong></span> <span class='ocrx_word' id='word_1_83' title='bbox 1237 1663 1353 1725; x_wconf 78' lang='lat' dir='ltr'><strong>regem</strong></span> 
     </span>
     <span class='ocr_line' id='line_1_13' title="bbox 408 1741 1360 1829; baseline -0.002 -20"><span class='ocrx_word' id='word_1_84' title='bbox 408 1752 443 1810; x_wconf 86' lang='lat' dir='ltr'><strong>et</strong></span> <span class='ocrx_word' id='word_1_85' title='bbox 465 1744 660 1829; x_wconf 81' lang='lat' dir='ltr'><strong>conjugem,</strong></span> <span class='ocrx_word' id='word_1_86' title='bbox 686 1750 722 1807; x_wconf 90' lang='lat' dir='ltr'><strong>et</strong></span> <span class='ocrx_word' id='word_1_87' title='bbox 748 1761 908 1826; x_wconf 87' lang='lat' dir='ltr'><strong>proceres</strong></span> <span class='ocrx_word' id='word_1_88' title='bbox 930 1743 1011 1809; x_wconf 89' lang='lat' dir='ltr'><strong>illos</strong></span> <span class='ocrx_word' id='word_1_89' title='bbox 1032 1741 1093 1825; x_wconf 87' lang='lat' dir='ltr'><strong>qni</strong></span> <span class='ocrx_word' id='word_1_90' title='bbox 1117 1762 1181 1826; x_wconf 93' lang='lat' dir='ltr'><strong>pro</strong></span> <span class='ocrx_word' id='word_1_91' title='bbox 1206 1743 1360 1807; x_wconf 39' lang='lat' dir='ltr'><strong>hocne-1</strong></span> 
     </span>
     <span class='ocr_line' id='line_1_14' title="bbox 408 1843 1354 1927; baseline -0.002 -20"><span class='ocrx_word' id='word_1_92' title='bbox 408 1844 505 1927; x_wconf 77' lang='lat' dir='ltr'><strong>gotio</strong></span> <span class='ocrx_word' id='word_1_93' title='bbox 518 1863 596 1909; x_wconf 89' lang='lat' dir='ltr'><strong>cnm</strong></span> <span class='ocrx_word' id='word_1_94' title='bbox 613 1861 694 1924; x_wconf 80' lang='lat' dir='ltr'><strong>rege</strong></span> <span class='ocrx_word' id='word_1_95' title='bbox 708 1862 753 1907; x_wconf 87' lang='lat' dir='ltr'><strong>ex</strong></span> <span class='ocrx_word' id='word_1_96' title='bbox 769 1849 946 1926; x_wconf 82' lang='lat' dir='ltr'><strong>praecepto</strong></span> <span class='ocrx_word' id='word_1_97' title='bbox 959 1849 1080 1907; x_wconf 91' lang='lat' dir='ltr'><strong>nostro</strong></span> <span class='ocrx_word' id='word_1_98' title='bbox 1097 1843 1354 1919; x_wconf 87' lang='lat' dir='ltr'><strong>laboraverunt,</strong></span> 
     </span>
     <span class='ocr_line' id='line_1_15' title="bbox 409 1941 1354 2026; baseline -0.001 -20"><span class='ocrx_word' id='word_1_99' title='bbox 409 1962 553 2026; x_wconf 89' lang='lat' dir='ltr'><strong>quorum</strong></span> <span class='ocrx_word' id='word_1_100' title='bbox 577 1943 717 2008; x_wconf 90' lang='lat' dir='ltr'><strong>nomina</strong></span> <span class='ocrx_word' id='word_1_101' title='bbox 740 1960 785 2007; x_wconf 87' lang='lat' dir='ltr'><strong>ex</strong></span> <span class='ocrx_word' id='word_1_102' title='bbox 808 1942 999 2026; x_wconf 90' lang='lat' dir='ltr'><strong>supradicti</strong></span> <span class='ocrx_word' id='word_1_103' title='bbox 1015 1941 1184 2005; x_wconf 89' lang='lat' dir='ltr'><strong>Willelmi</strong></span> <span class='ocrx_word' id='word_1_104' title='bbox 1207 1960 1354 2023; x_wconf 80' lang='lat' dir='ltr'><strong>sugges·</strong></span> 
     </span>
     <span class='ocr_line' id='line_1_16' title="bbox 410 2041 1356 2126; baseline -0.002 -20"><span class='ocrx_word' id='word_1_105' title='bbox 410 2041 504 2106; x_wconf 90' lang='lat' dir='ltr'><strong>tione</strong></span> <span class='ocrx_word' id='word_1_106' title='bbox 532 2060 733 2124; x_wconf 76' lang='lat' dir='ltr'><strong>cognosces,</strong></span> <span class='ocrx_word' id='word_1_107' title='bbox 757 2041 865 2126; x_wconf 84' lang='lat' dir='ltr'><strong>juxta</strong></span> <span class='ocrx_word' id='word_1_108' title='bbox 893 2042 1112 2124; x_wconf 87' lang='lat' dir='ltr'><strong>sponsionem</strong></span> <span class='ocrx_word' id='word_1_109' title='bbox 1145 2048 1300 2105; x_wconf 88' lang='lat' dir='ltr'><strong>nostram</strong></span> <span class='ocrx_word' id='word_1_110' title='bbox 1334 2061 1356 2105; x_wconf 91' lang='lat' dir='ltr'><strong>a</strong></span> 
     </span>
     <span class='ocr_line' id='line_1_17' title="bbox 409 2140 1357 2225; baseline -0.002 -20"><span class='ocrx_word' id='word_1_111' title='bbox 409 2142 562 2225; x_wconf 90' lang='lat' dir='ltr'><strong>peccatis</strong></span> <span class='ocrx_word' id='word_1_112' title='bbox 582 2148 618 2206; x_wconf 86' lang='lat' dir='ltr'><strong>ct</strong></span> <span class='ocrx_word' id='word_1_113' title='bbox 631 2140 845 2224; x_wconf 88' lang='lat' dir='ltr'><strong>poenitentiis</strong></span> <span class='ocrx_word' id='word_1_114' title='bbox 862 2140 1034 2205; x_wconf 86' lang='lat' dir='ltr'><strong>absolves.</strong></span> <span class='ocrx_word' id='word_1_115' title='bbox 1086 2140 1357 2222; x_wconf 77' lang='lat' dir='ltr'><strong>Rotomagensis</strong></span> 
     </span>
     <span class='ocr_line' id='line_1_18' title="bbox 409 2239 1355 2325; baseline -0.001 -19"><span class='ocrx_word' id='word_1_116' title='bbox 409 2239 563 2325; x_wconf 84' lang='lat' dir='ltr'><strong>episcopi</strong></span> <span class='ocrx_word' id='word_1_117' title='bbox 579 2258 717 2305; x_wconf 90' lang='lat' dir='ltr'><strong>causam</strong></span> <span class='ocrx_word' id='word_1_118' title='bbox 742 2247 813 2304; x_wconf 86' lang='lat' dir='ltr'><strong>tuae</strong></span> <span class='ocrx_word' id='word_1_119' title='bbox 835 2239 1075 2304; x_wconf 84' lang='lat' dir='ltr'><strong>deliberationi</strong></span> <span class='ocrx_word' id='word_1_120' title='bbox 1095 2241 1355 2318; x_wconf 89' lang='lat' dir='ltr'><strong>committimus,</strong></span> 
     </span>
    </p>

    <p class='ocr_par' dir='ltr' id='par_1_3' title="bbox 247 2332 1360 3220">
     <span class='ocr_line' id='line_1_19' title="bbox 410 2332 1079 2423; baseline -0.003 -18"><span class='ocrx_word' id='word_1_121' title='bbox 410 2345 446 2405; x_wconf 84' lang='lat' dir='ltr'><strong>et</strong></span> <span class='ocrx_word' id='word_1_122' title='bbox 463 2340 555 2423; x_wconf 90' lang='lat' dir='ltr'><strong>quod</strong></span> <span class='ocrx_word' id='word_1_123' title='bbox 573 2338 605 2404; x_wconf 87' lang='lat' dir='ltr'><strong>ei</strong></span> <span class='ocrx_word' id='word_1_124' title='bbox 619 2339 803 2404; x_wconf 88' lang='lat' dir='ltr'><strong>indulseris</strong></span> <span class='ocrx_word' id='word_1_125' title='bbox 821 2332 1079 2421; x_wconf 78' lang='lat' dir='ltr'><strong>¹indulgemus.&#39;</strong></span> 
     </span>
     <span class='ocr_line' id='line_1_20' title="bbox 248 2437 1354 2548; baseline 0.005 -50"><span class='ocrx_word' id='word_1_126' title='bbox 248 2456 379 2548; x_wconf 55' lang='lat' dir='ltr'><strong>effluxe-</strong></span> <span class='ocrx_word' id='word_1_127' title='bbox 461 2439 570 2524; x_wconf 74' lang='lat' dir='ltr'><strong>§cla</strong></span> <span class='ocrx_word' id='word_1_128' title='bbox 595 2439 686 2503; x_wconf 81' lang='lat' dir='ltr'><strong>Haec</strong></span> <span class='ocrx_word' id='word_1_129' title='bbox 705 2437 886 2503; x_wconf 87' lang='lat' dir='ltr'><strong>Paschalis</strong></span> <span class='ocrx_word' id='word_1_130' title='bbox 908 2458 1061 2503; x_wconf 86' lang='lat' dir='ltr'><strong>summus</strong></span> <span class='ocrx_word' id='word_1_131' title='bbox 1086 2457 1190 2523; x_wconf 87' lang='lat' dir='ltr'><strong>papa,</strong></span> <span class='ocrx_word' id='word_1_132' title='bbox 1214 2459 1278 2523; x_wconf 91' lang='lat' dir='ltr'><strong>pro</strong></span> <span class='ocrx_word' id='word_1_133' title='bbox 1300 2458 1354 2504; x_wconf 90' lang='lat' dir='ltr'><strong>ec·</strong></span> 
     </span>
     <span class='ocr_line' id='line_1_21' title="bbox 247 2519 1360 2622; baseline -0.004 -18"><span class='ocrx_word' id='word_1_134' title='bbox 247 2519 382 2622; x_wconf 45' lang='lat' dir='ltr'><strong>EQ,</strong></span> <span class='ocrx_word' id='word_1_135' title='bbox 410 2539 593 2604; x_wconf 87' lang='lat' dir='ltr'><strong>clesiarum</strong></span> <span class='ocrx_word' id='word_1_136' title='bbox 611 2539 679 2604; x_wconf 91' lang='lat' dir='ltr'><strong>Dei</strong></span> <span class='ocrx_word' id='word_1_137' title='bbox 704 2540 876 2616; x_wconf 85' lang='lat' dir='ltr'><strong>libertate,</strong></span> <span class='ocrx_word' id='word_1_138' title='bbox 904 2540 1074 2604; x_wconf 91' lang='lat' dir='ltr'><strong>sollicitus</strong></span> <span class='ocrx_word' id='word_1_139' title='bbox 1096 2542 1233 2622; x_wconf 81' lang='lat' dir='ltr'><strong>agebat.</strong></span> <span class='ocrx_word' id='word_1_140' title='bbox 1287 2541 1360 2604; x_wconf 84' lang='lat' dir='ltr'><strong>Fu..</strong></span> 
     </span>
     <span class='ocr_line' id='line_1_22' title="bbox 247 2633 1356 2723; baseline -0.001 -19"><span class='ocrx_word' id='word_1_141' title='bbox 247 2633 386 2723; x_wconf 45' lang='lat'><strong>&amp;3321</strong></span> <span class='ocrx_word' id='word_1_142' title='bbox 410 2645 646 2704; x_wconf 76' lang='lat' dir='ltr'><strong>eructantem</strong></span> <span class='ocrx_word' id='word_1_143' title='bbox 665 2638 819 2721; x_wconf 85' lang='lat' dir='ltr'><strong>episcopi</strong></span> <span class='ocrx_word' id='word_1_144' title='bbox 839 2658 928 2721; x_wconf 86' lang='lat' dir='ltr'><strong>quos</strong></span> <span class='ocrx_word' id='word_1_145' title='bbox 951 2640 1121 2703; x_wconf 87' lang='lat' dir='ltr'><strong>mendacii</strong></span> <span class='ocrx_word' id='word_1_146' title='bbox 1145 2640 1274 2721; x_wconf 80' lang='lat' dir='ltr'><strong>arguit,</strong></span> <span class='ocrx_word' id='word_1_147' title='bbox 1292 2639 1356 2704; x_wconf 89' lang='lat' dir='ltr'><strong>Gi·</strong></span> 
     </span>
     <span class='ocr_line' id='line_1_23' title="bbox 247 2733 1358 2822; baseline 0.002 -20"><span class='ocrx_word' id='word_1_148' title='bbox 247 2733 387 2776; x_wconf 45' lang='grc' dir='ltr'><strong>ΨΜ</strong></span> <span class='ocrx_word' id='word_1_149' title='bbox 410 2739 533 2802; x_wconf 88' lang='lat' dir='ltr'><strong>rardus</strong></span> <span class='ocrx_word' id='word_1_150' title='bbox 557 2738 836 2822; x_wconf 85' lang='lat' dir='ltr'><strong>archiepiscopus</strong></span> <span class='ocrx_word' id='word_1_151' title='bbox 852 2738 1091 2815; x_wconf 88' lang='lat' dir='ltr'><strong>Eboracensis,</strong></span> <span class='ocrx_word' id='word_1_152' title='bbox 1112 2746 1148 2803; x_wconf 93' lang='lat' dir='ltr'><strong>et</strong></span> <span class='ocrx_word' id='word_1_153' title='bbox 1162 2738 1358 2804; x_wconf 88' lang='lat' dir='ltr'><strong>Herbertus</strong></span> 
     </span>
     <span class='ocr_line' id='line_1_24' title="bbox 412 2837 1358 2921; baseline -0.003 -15"><span class='ocrx_word' id='word_1_154' title='bbox 412 2837 669 2916; x_wconf 85' lang='lat' dir='ltr'><strong>Norwicensis3</strong></span> <span class='ocrx_word' id='word_1_155' title='bbox 693 2857 840 2921; x_wconf 89' lang='lat' dir='ltr'><strong>quorum</strong></span> <span class='ocrx_word' id='word_1_156' title='bbox 857 2845 974 2903; x_wconf 86' lang='lat' dir='ltr'><strong>errata</strong></span> <span class='ocrx_word' id='word_1_157' title='bbox 992 2837 1285 2921; x_wconf 88' lang='lat' dir='ltr'><strong>reprehenderunt</strong></span> <span class='ocrx_word' id='word_1_158' title='bbox 1300 2860 1358 2903; x_wconf 83' lang='lat' dir='ltr'><strong>ve-</strong></span> 
     </span>
     <span class='ocr_line' id='line_1_25' title="bbox 338 2936 1357 3021; baseline -0.001 -18"><span class='ocrx_word' id='word_1_159' title='bbox 338 2985 346 3003; x_wconf 85' lang='lat'><strong>.</strong></span> <span class='ocrx_word' id='word_1_160' title='bbox 410 2938 563 3002; x_wconf 80' lang='lat' dir='ltr'><strong>ractores</strong></span> <span class='ocrx_word' id='word_1_161' title='bbox 600 2938 720 3018; x_wconf 80' lang='lat' dir='ltr'><strong>legati,</strong></span> <span class='ocrx_word' id='word_1_162' title='bbox 756 2936 955 3001; x_wconf 89' lang='lat' dir='ltr'><strong>Willelmus</strong></span> <span class='ocrx_word' id='word_1_163' title='bbox 993 2945 1117 3021; x_wconf 89' lang='lat' dir='ltr'><strong>postea</strong></span> <span class='ocrx_word' id='word_1_164' title='bbox 1149 2938 1357 3004; x_wconf 85' lang='lat' dir='ltr'><strong>Exoniensis</strong></span> 
     </span>
     <span class='ocr_line' id='line_1_26' title="bbox 411 3035 1355 3119; baseline 0.003 -18"><span class='ocrx_word' id='word_1_165' title='bbox 411 3036 606 3119; x_wconf 91' lang='lat' dir='ltr'><strong>episcopus,</strong></span> <span class='ocrx_word' id='word_1_166' title='bbox 634 3042 670 3100; x_wconf 91' lang='lat' dir='ltr'><strong>et</strong></span> <span class='ocrx_word' id='word_1_167' title='bbox 694 3035 916 3101; x_wconf 86' lang='lat' dir='ltr'><strong>Baldewinus</strong></span> <span class='ocrx_word' id='word_1_168' title='bbox 947 3036 1131 3101; x_wconf 88' lang='lat' dir='ltr'><strong>Beecensis</strong></span> <span class='ocrx_word' id='word_1_169' title='bbox 1154 3039 1355 3105; x_wconf 89' lang='lat' dir='ltr'><strong>monachus.</strong></span> 
     </span>
     <span class='ocr_line' id='line_1_27' title="bbox 412 3131 1357 3220; baseline 0.004 -21"><span class='ocrx_word' id='word_1_170' title='bbox 412 3136 568 3218; x_wconf 90' lang='lat' dir='ltr'><strong>Eratque</strong></span> <span class='ocrx_word' id='word_1_171' title='bbox 592 3142 675 3199; x_wconf 92' lang='lat' dir='ltr'><strong>tunc</strong></span> <span class='ocrx_word' id='word_1_172' title='bbox 694 3133 881 3199; x_wconf 89' lang='lat' dir='ltr'><strong>Anselmus</strong></span> <span class='ocrx_word' id='word_1_173' title='bbox 909 3135 1188 3220; x_wconf 88' lang='lat' dir='ltr'><strong>archiepiscopus</strong></span> <span class='ocrx_word' id='word_1_174' title='bbox 1212 3131 1357 3203; x_wconf 84' lang='lat' dir='ltr'><strong>²iterum</strong></span> 
     </span>
    </p>
   </div>
   <div class='ocr_carea' id='block_1_3' title="bbox 411 3234 1358 3915">
    <p class='ocr_par' dir='ltr' id='par_1_4' title="bbox 411 3234 1358 3915">
     <span class='ocr_line' id='line_1_28' title="bbox 411 3234 1356 3320; baseline 0.002 -20"><span class='ocrx_word' id='word_1_175' title='bbox 411 3242 567 3318; x_wconf 89' lang='lat' dir='ltr'><strong>tempore</strong></span> <span class='ocrx_word' id='word_1_176' title='bbox 584 3235 686 3299; x_wconf 88' lang='lat' dir='ltr'><strong>istius</strong></span> <span class='ocrx_word' id='word_1_177' title='bbox 708 3235 801 3316; x_wconf 83' lang='lat' dir='ltr'><strong>regis</strong></span> <span class='ocrx_word' id='word_1_178' title='bbox 818 3234 981 3316; x_wconf 80' lang='lat' dir='ltr'><strong>Lugduni</strong></span> <span class='ocrx_word' id='word_1_179' title='bbox 1002 3237 1096 3314; x_wconf 85' lang='lat' dir='ltr'><strong>exul,</strong></span> <span class='ocrx_word' id='word_1_180' title='bbox 1122 3238 1215 3320; x_wconf 90' lang='lat' dir='ltr'><strong>apud</strong></span> <span class='ocrx_word' id='word_1_181' title='bbox 1231 3237 1356 3319; x_wconf 77' lang='lat' dir='ltr'><strong>Hugo-</strong></span> 
     </span>
     <span class='ocr_line' id='line_1_29' title="bbox 411 3334 1358 3420; baseline 0.002 -22"><span class='ocrx_word' id='word_1_182' title='bbox 411 3354 490 3398; x_wconf 91' lang='lat' dir='ltr'><strong>nem</strong></span> <span class='ocrx_word' id='word_1_183' title='bbox 515 3334 669 3419; x_wconf 89' lang='lat' dir='ltr'><strong>ejusdem</strong></span> <span class='ocrx_word' id='word_1_184' title='bbox 702 3334 856 3399; x_wconf 84' lang='lat' dir='ltr'><strong>civitatis</strong></span> <span class='ocrx_word' id='word_1_185' title='bbox 885 3334 1192 3418; x_wconf 87' lang='lat' dir='ltr'><strong>archiepiscopum,</strong></span> <span class='ocrx_word' id='word_1_186' title='bbox 1218 3337 1358 3420; x_wconf 88' lang='lat' dir='ltr'><strong>qnando</strong></span> 
     </span>
     <span class='ocr_line' id='line_1_30' title="bbox 411 3434 1358 3519; baseline 0 -20"><span class='ocrx_word' id='word_1_187' title='bbox 411 3434 559 3517; x_wconf 87' lang='lat' dir='ltr'><strong>epistola</strong></span> <span class='ocrx_word' id='word_1_188' title='bbox 580 3435 702 3517; x_wconf 88' lang='lat' dir='ltr'><strong>prima,</strong></span> <span class='ocrx_word' id='word_1_189' title='bbox 718 3453 823 3516; x_wconf 88' lang='lat' dir='ltr'><strong>quam</strong></span> <span class='ocrx_word' id='word_1_190' title='bbox 849 3434 1009 3517; x_wconf 87' lang='lat' dir='ltr'><strong>apposui,</strong></span> <span class='ocrx_word' id='word_1_191' title='bbox 1026 3436 1153 3500; x_wconf 90' lang='lat' dir='ltr'><strong>emissa</strong></span> <span class='ocrx_word' id='word_1_192' title='bbox 1178 3443 1251 3515; x_wconf 84' lang='lat' dir='ltr'><strong>est3</strong></span> <span class='ocrx_word' id='word_1_193' title='bbox 1274 3437 1358 3519; x_wconf 92' lang='lat' dir='ltr'><strong>quia</strong></span> 
     </span>
     <span class='ocr_line' id='line_1_31' title="bbox 411 3532 1358 3616; baseline 0.002 -18"><span class='ocrx_word' id='word_1_194' title='bbox 411 3552 475 3598; x_wconf 89' lang='lat' dir='ltr'><strong>nec</strong></span> <span class='ocrx_word' id='word_1_195' title='bbox 499 3534 574 3616; x_wconf 89' lang='lat' dir='ltr'><strong>ipse</strong></span> <span class='ocrx_word' id='word_1_196' title='bbox 601 3534 672 3598; x_wconf 91' lang='lat' dir='ltr'><strong>ullo</strong></span> <span class='ocrx_word' id='word_1_197' title='bbox 694 3532 864 3598; x_wconf 87' lang='lat' dir='ltr'><strong>desiderio</strong></span> <span class='ocrx_word' id='word_1_198' title='bbox 887 3533 1048 3598; x_wconf 88' lang='lat' dir='ltr'><strong>veniendi</strong></span> <span class='ocrx_word' id='word_1_199' title='bbox 1072 3536 1267 3613; x_wconf 88' lang='lat' dir='ltr'><strong>tenebatur,</strong></span> <span class='ocrx_word' id='word_1_200' title='bbox 1294 3555 1358 3600; x_wconf 90' lang='lat' dir='ltr'><strong>nec</strong></span> 
     </span>
     <span class='ocr_line' id='line_1_32' title="bbox 411 3633 1358 3717; baseline 0.001 -20"><span class='ocrx_word' id='word_1_201' title='bbox 411 3651 474 3697; x_wconf 85' lang='lat' dir='ltr'><strong>rex</strong></span> <span class='ocrx_word' id='word_1_202' title='bbox 502 3633 755 3698; x_wconf 85' lang='lat' dir='ltr'><strong>animositatem</strong></span> <span class='ocrx_word' id='word_1_203' title='bbox 785 3651 886 3696; x_wconf 89' lang='lat' dir='ltr'><strong>suam</strong></span> <span class='ocrx_word' id='word_1_204' title='bbox 916 3652 980 3715; x_wconf 90' lang='lat' dir='ltr'><strong>pro</strong></span> <span class='ocrx_word' id='word_1_205' title='bbox 1005 3635 1108 3717; x_wconf 89' lang='lat' dir='ltr'><strong>copia</strong></span> <span class='ocrx_word' id='word_1_206' title='bbox 1133 3654 1358 3699; x_wconf 86' lang='lat' dir='ltr'><strong>susurronum</strong></span> 
     </span>
     <span class='ocr_line' id='line_1_33' title="bbox 412 3731 1358 3815; baseline -0.001 -17"><span class='ocrx_word' id='word_1_207' title='bbox 412 3731 525 3798; x_wconf 89' lang='lat' dir='ltr'><strong>sedari</strong></span> <span class='ocrx_word' id='word_1_208' title='bbox 550 3733 758 3815; x_wconf 88' lang='lat' dir='ltr'><strong>patiebatur.</strong></span> <span class='ocrx_word' id='word_1_209' title='bbox 812 3731 883 3796; x_wconf 90' lang='lat' dir='ltr'><strong>Diu</strong></span> <span class='ocrx_word' id='word_1_210' title='bbox 905 3740 1044 3814; x_wconf 81' lang='lat' dir='ltr'><strong>ergoet</strong></span> <span class='ocrx_word' id='word_1_211' title='bbox 1069 3753 1232 3799; x_wconf 84' lang='lat' dir='ltr'><strong>revocare</strong></span> <span class='ocrx_word' id='word_1_212' title='bbox 1248 3735 1358 3812; x_wconf 92' lang='lat' dir='ltr'><strong>illum,</strong></span> 
     </span>
     <span class='ocr_line' id='line_1_34' title="bbox 411 3833 1358 3915; baseline -0.001 -17"><span class='ocrx_word' id='word_1_213' title='bbox 411 3840 447 3898; x_wconf 91' lang='lat' dir='ltr'><strong>et</strong></span> <span class='ocrx_word' id='word_1_214' title='bbox 462 3833 710 3901; x_wconf 88' lang='lat' dir='ltr'><strong>monitionibus</strong></span> <span class='ocrx_word' id='word_1_215' title='bbox 725 3833 927 3915; x_wconf 89' lang='lat' dir='ltr'><strong>apostolicis</strong></span> <span class='ocrx_word' id='word_1_216' title='bbox 941 3833 1186 3911; x_wconf 86' lang='lat' dir='ltr'><strong>obsecundare,</strong></span> <span class='ocrx_word' id='word_1_217' title='bbox 1202 3834 1358 3914; x_wconf 83' lang='lat' dir='ltr'><strong>distulit3</strong></span> 
     </span>
    </p>
   </div>
   <div class='ocr_carea' id='block_1_4' title="bbox 409 4127 1359 4338">
    <p class='ocr_par' dir='ltr' id='par_1_5' title="bbox 409 4127 1359 4338">
     <span class='ocr_line' id='line_1_35' title="bbox 449 4127 1359 4194; baseline 0.01 -16"><span class='ocrx_word' id='word_1_218' title='bbox 449 4127 454 4156; x_wconf 88' lang='lat'><strong>¹</strong></span> <span class='ocrx_word' id='word_1_219' title='bbox 468 4130 646 4194; x_wconf 62' lang='lat' dir='ltr'><strong>[mnam]</strong></span> <span class='ocrx_word' id='word_1_220' title='bbox 662 4132 709 4182; x_wconf 87' lang='lat' dir='ltr'><strong>See</strong></span> <span class='ocrx_word' id='word_1_221' title='bbox 729 4132 780 4182; x_wconf 89' lang='lat' dir='ltr'><strong>this</strong></span> <span class='ocrx_word' id='word_1_222' title='bbox 798 4131 873 4181; x_wconf 84' lang='lat' dir='ltr'><strong>letter</strong></span> <span class='ocrx_word' id='word_1_223' title='bbox 897 4132 1002 4181; x_wconf 85' lang='lat' dir='ltr'><strong>Anselm</strong></span> <span class='ocrx_word' id='word_1_224' title='bbox 1013 4133 1065 4182; x_wconf 90' lang='lat' dir='ltr'><strong>had</strong></span> <span class='ocrx_word' id='word_1_225' title='bbox 1076 4133 1139 4182; x_wconf 84' lang='lat' dir='ltr'><strong>been</strong></span> <span class='ocrx_word' id='word_1_226' title='bbox 1152 4134 1261 4184; x_wconf 87' lang='lat' dir='ltr'><strong>recalled</strong></span> <span class='ocrx_word' id='word_1_227' title='bbox 1273 4150 1305 4185; x_wconf 90' lang='lat' dir='ltr'><strong>on</strong></span> <span class='ocrx_word' id='word_1_228' title='bbox 1316 4137 1359 4187; x_wconf 89' lang='lat' dir='ltr'><strong>the</strong></span> 
     </span>
     <span class='ocr_line' id='line_1_36' title="bbox 409 4199 1359 4265; baseline 0.005 -13"><span class='ocrx_word' id='word_1_229' title='bbox 409 4200 436 4252; x_wconf 80' lang='lat' dir='ltr'><strong>in</strong></span> <span class='ocrx_word' id='word_1_230' title='bbox 448 4199 567 4262; x_wconf 80' lang='lat' dir='ltr'><strong>Eadmsr,</strong></span> <span class='ocrx_word' id='word_1_231' title='bbox 577 4216 603 4262; x_wconf 92' lang='lat' dir='ltr'><strong>p.</strong></span> <span class='ocrx_word' id='word_1_232' title='bbox 615 4205 657 4250; x_wconf 75' lang='lat' dir='ltr'><strong>st.</strong></span> <span class='ocrx_word' id='word_1_233' title='bbox 897 4202 981 4264; x_wconf 75' lang='lat' dir='ltr'><strong>king&#39;s</strong></span> <span class='ocrx_word' id='word_1_234' title='bbox 997 4204 1136 4265; x_wconf 78' lang='lat' dir='ltr'><strong>accession,</strong></span> <span class='ocrx_word' id='word_1_235' title='bbox 1147 4204 1193 4252; x_wconf 86' lang='lat' dir='ltr'><strong>but</strong></span> <span class='ocrx_word' id='word_1_236' title='bbox 1211 4205 1359 4257; x_wconf 65' lang='lat' dir='ltr'><strong>afterwards</strong></span> 
     </span>
     <span class='ocr_line' id='line_1_37' title="bbox 444 4265 1279 4338; baseline 0.008 -18"><span class='ocrx_word' id='word_1_237' title='bbox 444 4265 559 4320; x_wconf 78' lang='lat' dir='ltr'><strong>&#39;lterum</strong></span> <span class='ocrx_word' id='word_1_238' title='bbox 583 4305 589 4318; x_wconf 92' lang='lat'><strong>.</strong></span> <span class='ocrx_word' id='word_1_239' title='bbox 603 4305 630 4322; x_wconf 93' lang='lat'><strong>..</strong></span> <span class='ocrx_word' id='word_1_240' title='bbox 652 4271 770 4334; x_wconf 72' lang='lat' dir='ltr'><strong>Lugduni</strong></span> <span class='ocrx_word' id='word_1_241' title='bbox 793 4271 872 4336; x_wconf 66' lang='lat' dir='ltr'><strong>erut]</strong></span> <span class='ocrx_word' id='word_1_242' title='bbox 897 4273 995 4334; x_wconf 84' lang='lat' dir='ltr'><strong>quittcd</strong></span> <span class='ocrx_word' id='word_1_243' title='bbox 1006 4273 1049 4322; x_wconf 88' lang='lat' dir='ltr'><strong>the</strong></span> <span class='ocrx_word' id='word_1_244' title='bbox 1060 4274 1182 4336; x_wconf 76' lang='lat' dir='ltr'><strong>kingdom</strong></span> <span class='ocrx_word' id='word_1_245' title='bbox 1193 4276 1279 4338; x_wconf 69' lang='lat' dir='ltr'><strong>again.</strong></span> 
     </span>
    </p>
   </div>
   <div class='ocr_carea' id='block_1_5' title="bbox 0 0 1594 5025">
    <p class='ocr_par' dir='ltr' id='par_1_6' title="bbox 0 0 1594 5025">
     <span class='ocr_line' id='line_1_38' title="bbox 0 0 1594 5025; baseline 0 0"><span class='ocrx_word' id='word_1_246' title='bbox 0 0 1594 5025; x_wconf 95' lang='lat' dir='ltr'><strong> </strong></span> 
     </span>
    </p>
   </div>
  </div>
 </body>
</html>
