3142 5025
185 507 339 588 1.rr.1v.]
415 525 529 571 cussa
553 524 679 572 aucun
705 525 919 572 nncconuu.
1071 505 1136 570 595

138 693 149 705 ⁸
190 679 300 760 gavit.
342 679 498 744 Portitor
506 680 637 745 cbartae
651 679 717 743 fuit
731 679 914 744 homuncio
931 680 1136 762 SyruS,qni,
1149 703 1244 764 aaran

191 780 258 842 etsi
278 781 503 857 inveniretur,
520 781 659 844 babitus
673 779 808 844 vilitate
824 788 860 843 et
874 781 1041 843 sermonis
1063 781 1138 844 noti
1149 755 1300 844 iiigrifs‘m'

190 881 395 944 commercio
419 880 623 943 insidiantes
646 879 794 943 falleret.
847 879 930 956 llic,
952 881 1044 943 notis
1072 880 1138 943 sibi

191 998 254 1059 per
282 980 384 1043 davia
414 980 625 1062 compendiis
652 980 860 1062 perfidorum
894 980 1047 1061 pericula
1079 979 1138 1042 de·

193 1078 339 1155 clinans,
356 1080 459 1143 tertio
481 1079 536 1142 die
558 1059 808 1162 lerosolymam
830 1079 998 1161 pervenit.
1049 1078 1140 1141 Tum

193 1179 335 1259 equites
344 1179 404 1261 qui
426 1180 544 1242 urbem
557 1180 773 1255 tutabantur,
785 1179 917 1262 junctis
933 1179 1000 1241 sibi
1014 1177 1140 1241 auxili·
1186 1227 1188 1232 .

196 1278 306 1340 arium
321 1278 475 1360 peditum
490 1279 625 1355 turmiS,
641 1279 685 1341 ad
702 1277 725 1341 J
729 1297 842 1360 oppon
858 1276 1057 1359 profecturi,
1074 1279 1141 1341 iter

195 1379 284 1440 mari
306 1379 504 1460 proximum
526 1379 741 1454 direxerunt,
763 1376 1021 1441 mediterraneis
1045 1376 1141 1440 devi-

195 1478 298 1540 tatis:
325 1479 472 1542 extremi
487 1472 615 1541 ¹tamen
628 1477 777 1558 agminis
791 1476 915 1540 Turpis
937 1477 1141 1558 urgentibus

195 1575 381 1655 interfecti,
406 1576 498 1659 quod
515 1576 571 1642 vel
597 1579 696 1660 equis
718 1577 775 1640 vel
795 1577 969 1659 peditibus
994 1576 1141 1641 destitu-

196 1678 354 1741 ebantur.
408 1677 467 1741 lta
482 1677 703 1758 congregatis
719 1695 765 1739 ex
783 1675 1009 1759 lerosolymis
1034 1693 1142 1739 nona-

198 1776 298 1856 ginta
323 1776 509 1858 equitibus,
539 1796 586 1840 ex
610 1776 806 1859 Tyberiade
836 1777 1027 1858 octoginta,
1055 1796 1143 1858 quos

199 1873 308 1956 Hugo
321 1876 393 1940 dux
409 1877 667 1940 strenuissimus
682 1876 877 1940 adduxerat
889 1877 925 1938 in
940 1876 1143 1952 subsidium,

197 1976 359 2056 armigeri
381 1996 519 2059 quoque
540 1995 604 2058 pro
629 1975 776 2057 penuria
798 1976 835 2038 in
857 1975 971 2038 locum
995 1975 1143 2040 militum

197 2074 326 2138 allecti.
360 2075 509 2139 Postera
523 2095 607 2157 ergo
620 2075 676 2138 die
692 2093 824 2139 moram
839 2095 966 2158 pugnae
982 2076 1144 2152 absolvit,

198 2173 323 2237 Turcis
344 2175 420 2258 jam
445 2176 532 2239 adeo
554 2174 727 2238 ferocibus
757 2181 797 2238 ut
816 2176 948 2256 paratis
978 2175 1146 2239 machinis

198 2293 334 2336 murum
350 2274 373 2338 J
376 2275 477 2357 oppis
493 2273 637 2356 aggredi
649 2269 927 2338 ²meditarentur.
981 2272 1146 2339 Praeven-

200 2381 274 2436 tum
291 2373 356 2436 hoc
374 2374 567 2438 Baldewini
583 2373 776 2456 diligentia,
794 2381 829 2438 et
847 2373 1031 2437 Dominica
1046 2393 1147 2438 cruce

201 2473 344 2557 praevia,
374 2493 444 2556 qua
473 2475 632 2556 superius
660 2472 790 2537 bellum
825 2480 994 2537 caruerat.
1046 2472 1147 2538 Totis

201 2568 350 2637 ³viribus
377 2574 414 2637 in
441 2573 560 2637 hostes
581 2574 745 2638 alacriter
766 2574 866 2651 itum,
890 2574 1016 2637 acriter
1039 2582 1149 2637 certa-

201 2680 272 2736 tum
286 2693 295 2751 3
322 2674 438 2750 atilli,
452 2693 547 2737 mora
565 2673 669 2737 solito
685 2680 823 2737 nostros
842 2674 1149 2757 circumgyrantes

201 2779 316 2835 actum
330 2774 374 2835 de
391 2772 598 2836 Christianis
619 2780 800 2855 putarunt,
821 2773 922 2836 hilari
937 2773 1071 2837 ululatu
1090 2794 1151 2837 vo-

189 2873 407 2937 ciferantes:
424 2871 484 2935 sed
502 2872 613 2949 affuit,
627 2880 663 2935 et
679 2872 722 2934 de
734 2872 825 2937 coelo
840 2872 980 2936 tandem
995 2874 1151 2955 respexit

204 2972 375 3062 Dominus
396 2972 420 3035 J
423 2991 514 3048 esus,
537 2972 753 3054 Francisque
774 2972 1030 3036 animositatem
1051 2974 1150 3054 inge·

202 3091 295 3148 rens,
308 3072 466 3135 inimicos
481 3091 604 3153 campo
627 3071 783 3153 privatos
800 3072 950 3155 conjecit
964 3073 1001 3134 in
1018 3072 1149 3154 sugam.

204 3170 284 3234 Hoc
309 3177 345 3233 et
366 3170 403 3234 in
428 3172 592 3233 anteriori
613 3170 735 3251 praelio
757 3171 980 3247 factumest,
1005 3179 1056 3248 ut,
1081 3190 1150 3235 non

202 3270 308 3335 semel
323 3269 425 3353 ejecti
442 3268 612 3347 tentoriis,
628 3275 752 3351 postea
769 3270 991 3334 multitudine
1007 3290 1151 3355 supera-

202 3371 294 3434 rint:
318 3377 393 3433 tum
413 3375 530 3433 autem
544 3389 622 3432 cum
634 3369 769 3451 pedites
793 3368 926 3433 eminus
941 3371 1093 3451 sagittiS,
1116 3379 1152 3434 et

205 3470 339 3552 equites
359 3469 489 3531 lanceis
510 3469 666 3531 cominus
681 3468 836 3545 ferirent,
852 3470 946 3532 omni
972 3488 1032 3551 spe
1056 3470 1152 3552 pedi-

203 3572 268 3633 bus
283 3568 478 3644 commissa,
494 3568 614 3649 fugere
628 3587 905 3649 perseveravere.

254 3668 273 3751 ᾗ
297 3666 374 3730 385.
397 3665 522 3731 Altera
553 3668 603 3729 illi
632 3686 752 3748 pugna
775 3668 1023 3749 posterioribus
1050 3668 1285 3730 annisanna.

201 3766 280 3843 fuit,
294 3768 331 3830 in
347 3785 417 3849 qua
431 3766 558 3829 milites
577 3767 699 3842 nostri,
715 3766 908 3829 Turcorum
925 3766 1026 3849 copia
1040 3768 1151 3851 pressi

203 3867 298 3931 etin
322 3866 441 3947 sugam
465 3867 547 3943 acti,
564 3866 669 3929 otiam
692 3865 847 3929 salutare
871 3867 1037 3930 vexillum
1065 3867 1151 3930 ami-

241 4091 373 4165 'TumemJ
397 4094 431 4146 A.
450 4098 480 4147 S.
501 4099 531 4147 0.
553 4098 588 4146 D.
607 4098 665 4146 aa.

203 4170 250 4228 b.;
265 4167 370 4216 omitted
381 4168 475 4215 qul.
726 4162 884 4234 wirina]
907 4170 937 4217 C.
954 4168 989 4217 D.
1009 4168 1060 4225 E.;
1082 4169 1152 4229 regni

236 4232 463 4304 mutaremus]
475 4238 504 4287 S.
513 4237 548 4287 D.
561 4237 609 4296 E.;
622 4236 665 4284 de·
690 4236 798 4298 viribus,
810 4237 838 4285 S.
851 4238 899 4298 E.;
916 4238 1090 4301 regiminibus,
1101 4240 1135 4286 A.

201 4308 347 4366 liberarent,
358 4306 390 4354 L.
