3142 5025
205 522 275 568 nra.
292 503 362 584 uu]
434 519 549 568 unsri
572 518 700 567 nnouu
724 519 940 568 lucrorum
1090 504 1157 569 463

204 676 384 759 partiendo
399 675 571 754 dominus,
585 695 656 741 non
672 675 913 740 abscondendo
932 684 969 740 et
982 676 1158 742 adorando
1170 697 1299 738 amtor

207 776 376 856 famulus3
409 775 582 840 foemineae
614 777 807 840 venustatis
834 776 921 840 adeo
950 795 1087 858 parcus,
1119 785 1159 843 ut
1170 749 1284 798 ”mm

208 877 337 940 nullam
359 876 559 958 conspectui
581 894 644 939 suo
667 883 844 958 pateretur
863 875 1010 953 admitti,
1026 897 1070 940 ne
1087 876 1158 940 for·

208 994 300 1039 mam
315 975 490 1040 videretur
503 974 673 1039 delibasse
694 975 795 1039 oculo
808 995 913 1057 quam
934 995 1005 1040 non
1027 976 1159 1060 prurie-

207 1076 268 1140 bat
291 1075 418 1140 animo.
471 1073 507 1138 N
509 1094 554 1138 on
573 1075 751 1158 aspernari
773 1093 972 1158 pauperem,
985 1095 1055 1140 non
1073 1076 1159 1140 adu-

209 1174 274 1238 lari
296 1175 457 1255 divitem3
484 1174 672 1238 secundum
690 1181 852 1239 naturam
866 1169 1004 1256 vi'vere3
1027 1176 1160 1241 habens

210 1275 340 1339 victum
364 1282 400 1338 et
420 1275 598 1352 vestitum,
622 1273 728 1358 juxta
757 1275 966 1357 apostolum,
994 1274 1049 1338 his
1076 1295 1159 1340 oon-

210 1381 327 1438 tentus
356 1393 443 1438 essa.
496 1373 599 1438 Unde
628 1393 706 1438 eum
738 1373 859 1439 laudat
889 1374 1160 1440 Cenomanensis

210 1472 367 1557 pontifex
390 1473 629 1552 Hildebertus,
650 1475 687 1537 in
708 1473 829 1556 primis
850 1474 1064 1539 versificator
1085 1476 1160 1538 exi-

211 1573 321 1654 mius3
345 1573 445 1657 cujus
458 1574 565 1638 verba
581 1581 764 1657 propterea
781 1574 925 1652 inserui,
940 1580 980 1638 ut
993 1575 1161 1658 praedica-

210 1672 289 1737 bilis
313 1673 466 1756 episcopi
496 1672 657 1737 affectum
683 1671 720 1736 in
742 1673 947 1755 magistrum
969 1674 1161 1752 ostendm,

211 1772 314 1835 simul
335 1779 371 1837 et
390 1771 548 1837 doctrina
562 1771 637 1856 ejus
655 1773 721 1837 erit
734 1773 894 1856 exemplo
911 1775 1060 1856 posteris
1075 1768 1161 1857 ¹quo

212 1872 385 1954 quomodo
399 1873 471 1938 vivi
485 1871 610 1936 debeat
624 1873 788 1950 instituit,
805 1873 871 1936 etsi
888 1873 1035 1938 fortasse
1049 1882 1161 1938 metas

211 1992 302 2038 verae
318 1972 430 2036 laudis
445 1991 562 2036 amore
576 1972 741 2036 incitatus
758 1972 972 2037 transilierit.

212 2119 347 2199 ‘Quem
362 2120 464 2184 modo
481 2119 638 2198 miratur,
653 2138 789 2203 semper
801 2121 982 2185 mirabitur
998 2123 1102 2200 orbis,
1131 2162 1138 2172 ·

264 2219 331 2284 Ille
345 2219 578 2302 Berengarius
593 2240 663 2284 non
682 2221 839 2284 obiturus
852 2221 937 2285 obit.

214 2319 338 2399 Quem,
356 2339 465 2384 sacrae
479 2319 558 2383 fidei
575 2318 717 2401 fastigia
730 2338 863 2383 summa
881 2327 1067 2398 tenentem,

263 2418 287 2483 J
289 2437 345 2481 am
361 2420 484 2501 quinta
496 2418 569 2482 dies
587 2419 742 2495 abstulit,
758 2437 844 2482 ausa
858 2418 967 2483 nefas.

215 2520 283 2584 Illa
296 2519 369 2583 dies
384 2519 552 2584 damnosa
566 2518 651 2597 dice,
667 2527 701 2583 et
715 2519 847 2602 perfida
858 2520 998 2596 mundo,

265 2618 346 2698 Qua
360 2620 458 2683 dolor
473 2626 508 2682 et
522 2638 637 2682 rerum
652 2638 786 2681 summa
800 2620 901 2683 ruina
915 2618 982 2682 fuit
996 2639 1005 2699 ;

216 2718 296 2797 Qua
311 2726 424 2783 status
438 2718 604 2796 ecclesiae,
619 2737 690 2801 qua
706 2738 798 2801 spes,
813 2738 883 2801 qua
898 2720 1009 2800 gloria
1023 2718 1118 2797 cleri,

267 2817 348 2896 Qua
365 2816 477 2883 cultor
487 2818 589 2902 juris,
601 2818 682 2902 jure
698 2825 831 2895 ruente,
849 2818 930 2882 ruit.

218 2917 391 3000 Quicquid
406 2917 612 3001 philosophi,
626 2917 790 3000 quicquid
805 2918 959 2982 cecinere
971 2922 1096 3000 poetae,

267 3008 413 3099 Ingenio
428 3016 532 3082 cessit
546 3017 750 3100 eloquioque
766 3037 841 3081 suo.

216 3116 376 3181 Sanctior
390 3124 426 3181 et
438 3116 549 3201 major
563 3116 746 3199 sapientia,
759 3116 873 3201 majus
889 3116 1023 3193 adorta,

267 3217 430 3300 Implevit
444 3236 580 3281 sacrum
594 3224 715 3299 pectus
730 3223 766 3280 et
781 3236 843 3280 ora
858 3216 946 3280 Deo.

215 3315 346 3381 Pectus
359 3336 438 3379 eum
453 3316 577 3395 voluit,
591 3336 663 3380 vox
675 3315 832 3398 protulit,
846 3316 938 3380 actio
954 3316 1135 3399 prompsit,

266 3415 413 3498 Singula
431 3414 572 3480 Factori
587 3416 637 3479 sic
653 3415 815 3479 studuere
832 3434 908 3478 suo.

216 3513 282 3578 Vir
297 3535 395 3579 sacer
411 3524 446 3579 et
460 3516 611 3599 sapiens,
626 3516 682 3578 cui
697 3534 821 3579 nomen
837 3515 960 3579 crescit
973 3514 1010 3577 in
1027 3512 1130 3577 horas
1143 3533 1152 3592 3

267 3613 347 3692 Quo
358 3616 469 3679 minor
483 3622 537 3678 est
548 3614 716 3697 quisquis,
727 3615 899 3677 maximus
910 3622 964 3678 est
974 3613 1162 3678 hominum.

217 3712 283 3777 Cui
297 3734 419 3779 sensus
433 3715 578 3797 peperit,
592 3721 711 3797 partos
725 3714 880 3778 servavit
892 3714 1041 3777 honores
1053 3733 1062 3792 3

268 3812 333 3877 Cui
349 3815 463 3896 potior
475 3833 608 3897 pauper
624 3814 742 3891 divite,
755 3814 884 3897 jusque
898 3813 1006 3875 luere.
1029 3803 1031 3810 ’

217 3911 283 3976 Cui
299 3933 362 3977 nec
377 3914 543 3977 desidiam
557 3933 621 3978 nec
637 3914 758 3976 luxum
774 3931 830 3975 res
846 3911 940 3975 dedit
955 3908 1083 3992 ampla,

267 4011 344 4076 Nec
357 4013 525 4076 tumidum
540 4012 621 4077 fecit
637 4013 765 4077 multus
779 4019 815 4075 et
830 4011 921 4075 altus
935 4010 1058 4075 honos

408 4304 415 4335 ¹
434 4298 512 4372 Qua]
531 4306 555 4352 Ε
565 4308 605 4365 l.;
623 4319 683 4367 qua,
694 4302 727 4353 A.
741 4303 770 4353 S.
785 4304 816 4351 C.
828 4302 862 4350 D.
874 4302 898 4349 E
906 4305 930 4352 2.
942 4302 973 4351 L.
