3142 5025
402 524 469 589 650
619 534 733 584 onsra
760 532 888 581 aucun
915 531 1128 580 nuonoauu.
1219 516 1307 598 [ura.
1322 529 1357 577 v.

406 711 470 755 nec
487 691 554 755 nisi
570 690 735 772 legitimis
751 690 930 774 productis
953 690 1114 768 testibus,
1131 689 1192 772 qui
1208 708 1284 754 eam
1297 689 1358 775 ju·

406 798 526 855 rarent
549 791 624 855 sine
648 790 864 873 professione
896 808 1003 854 causa
1036 809 1219 873 procorum
1240 790 1357 855 velum

408 889 570 973 gessisse,
584 889 864 974 archiepiscopus
878 888 1003 954 adduci
1019 890 1135 973 potuit
1151 889 1196 952 ad
1213 908 1359 953 consen-

409 990 575 1055 tiendum.
628 988 719 1054 Haec
749 988 858 1071 igitur
877 988 1013 1054 duobus
1037 990 1220 1071 partubus,
1247 989 1358 1053 altero

410 1090 554 1154 alterius
579 1107 699 1167 sexus,
716 1095 894 1165 contenta,
914 1088 952 1151 in
974 1094 1153 1171 posterum
1175 1094 1211 1153 et
1235 1106 1358 1171 parere

410 1194 447 1253 et
472 1189 646 1271 parturire
679 1188 833 1253 destitit:
875 1187 1183 1270 aequanimiterque
1212 1186 1358 1266 ferebat,

411 1307 493 1370 rege
519 1287 607 1354 alias
630 1288 777 1371 intento,
802 1287 881 1370 ipsa
902 1286 1009 1351 curiae
1020 1286 1226 1363 valedicere,
1240 1286 1360 1352 West·

411 1388 622 1453 monasterio
653 1388 773 1451 multis
805 1387 908 1451 annis
933 1392 1081 1451 morata.
1132 1384 1210 1451 Neo
1242 1393 1360 1450 tamen

412 1488 596 1571 quicquam
622 1485 655 1550 ei
679 1486 809 1567 regalis
836 1485 1105 1568 magnificentiae
1128 1484 1270 1566 deerat;
1296 1485 1358 1549 sed

412 1585 586 1650 indefessa
602 1584 809 1668 frequentia,
830 1584 933 1649 undae
958 1584 1199 1661 salutantium,
1224 1593 1260 1649 et
1276 1586 1361 1649 totis

413 1685 672 1769 apportantium
685 1686 909 1767 temporibus,
925 1684 1183 1767 accipiebantur
1198 1690 1362 1749 etvoma-

412 1785 541 1850 bantur
552 1785 710 1867 superbis
721 1784 875 1849 aedibus:
891 1783 959 1848 hoc
972 1785 1066 1865 regis
1075 1783 1223 1867 jubebat
1237 1783 1362 1848 libera·

413 1884 507 1961 litas,
523 1882 590 1949 hoc
611 1882 722 1966 ipsius
745 1883 862 1966 gratia
888 1889 924 1948 et
944 1882 1056 1947 dulcis
1076 1882 1276 1948 attrahebat
1299 1884 1359 1946 be-

414 1982 580 2064 nignitas.
625 1980 876 2047 sanctitudinis
896 1983 1060 2065 egregiae,
1074 2002 1144 2047 non
1165 2000 1362 2066 usquequa-

413 2100 482 2165 que
498 2081 719 2164 despicabilis
736 2080 869 2159 formae,
883 2087 1049 2146 maternae
1065 2080 1207 2165 pietatis
1222 2082 1361 2159 aemula,

414 2180 500 2247 nihil
524 2181 702 2247 sinistrum
730 2187 900 2266 quantum
926 2181 970 2247 ad
997 2182 1210 2247 semoribus
1235 2182 1361 2248 admit·

414 2286 511 2359 tens3
529 2285 657 2361 praeter
669 2281 805 2361 regium
820 2279 933 2345 cubile
945 2280 1087 2363 pudoris
1097 2281 1248 2362 integra,
1265 2281 1363 2346 nulla

414 2379 519 2443 etiam
544 2380 741 2463 suspicione
765 2380 863 2443 laesa.
905 2378 1029 2445 Cilicio
1054 2381 1119 2444 sub
1141 2381 1239 2462 regio
1263 2379 1360 2444 cultu

415 2478 614 2558 convoluta,
638 2478 784 2564 nudipes
811 2478 933 2544 diebus
958 2477 1243 2563 Quadragesimae
1272 2485 1363 2544 tere-

414 2579 477 2644 bat
496 2579 720 2643 ecclesiarnm
745 2579 886 2644 limina:
909 2597 973 2643 neo
999 2580 1161 2644 horrebat
1184 2579 1290 2662 pedes
1310 2580 1362 2643 la-

416 2697 500 2742 vare
521 2677 769 2755 morbidorum,
783 2678 903 2742 ulcera
929 2679 1027 2743 sanie
1049 2679 1254 2744 distillantia
1278 2698 1361 2743 con-

416 2784 587 2858 trectare3
610 2785 785 2861 postremo
810 2778 918 2860 longa
937 2779 1097 2842 manibus
1111 2777 1233 2842 oscula
1248 2785 1363 2860 prote-

415 2877 502 2954 lare,
530 2895 685 2944 mensam
716 2895 902 2960 apponere.
955 2876 1042 2941 Erat
1068 2878 1101 2941 ei
1124 2878 1161 2942 in
1190 2877 1362 2965 audiendo

416 2975 558 3040 servitio
574 2975 642 3040 Dei
659 2975 823 3059 voluptas
839 2976 954 3053 unica,
971 2969 1134 3058 ¹ideoque
1157 2977 1194 3039 in
1219 2976 1362 3041 clericos

416 3074 504 3138 bene
538 3073 692 3139 melodos
725 3074 979 3141 inconsiderate
1017 3068 1200 3161 'provida3
1237 3074 1363 3139 blande

417 3191 642 3256 quoscunque
655 3173 798 3258 alloqui,
809 3175 921 3242 multa
933 3174 1067 3256 largiri,
1078 3175 1178 3256 plura
1194 3175 1361 3259 polliceri.

418 3270 517 3349 Inde,
530 3272 739 3338 liberalitate
749 3273 860 3356 ipsius
877 3291 940 3356 per
949 3274 1067 3338 orbem
1083 3280 1174 3351 sata,
1184 3274 1362 3338 turmatim

417 3369 486 3437 huc
515 3371 753 3440 adventabant
778 3372 978 3440 scholastici
1004 3380 1080 3437 tum
1102 3375 1263 3439 cantibus
1287 3381 1363 3438 tum

416 3470 574 3536 versibus
589 3469 736 3550 samosi3
759 3471 963 3553 felicemque
981 3491 1019 3536 se
1043 3474 1190 3554 putabat
1204 3474 1264 3556 qui
1286 3492 1362 3541 car-

417 3569 519 3638 minis
541 3570 697 3638 novitate
713 3589 815 3639 aures
834 3570 1000 3637 mulceret
1015 3571 1178 3638 dominae.
1228 3570 1305 3637 Nec
1326 3571 1363 3636 in

416 3667 471 3732 his
494 3668 607 3735 solum
632 3688 806 3754 expensas
831 3670 1044 3748 conferebat,
1059 3671 1121 3734 sed
1143 3671 1249 3736 eliam
1271 3671 1364 3737 omui

415 3769 534 3849 generi
548 3768 738 3846 hominum,
749 3769 943 3851 praesertim
956 3769 1187 3850 advenarum;
1205 3771 1278 3853 qui,
1288 3790 1364 3834 mu-

415 3867 556 3932 neribus
582 3868 747 3951 acceptis,
775 3868 904 3937 famam
929 3868 1006 3952 ejus
1035 3869 1139 3952 longe
1163 3889 1226 3953 per
1252 3877 1364 3933 terras

416 3965 646 4033 venditarent.
698 3967 764 4034 Est
785 3959 877 4035 enim
896 3968 1069 4051 cupiditas
1091 3969 1214 4051 gloriae
1238 3969 1290 4034 ita
1310 3970 1363 4033 in·

451 4238 600 4307 naqa]
618 4245 698 4298 as.
719 4251 748 4298 o.
764 4249 800 4299 n.
818 4250 875 4299 nn.
936 4245 1365 4319 ’rmua1cuu3pmuga

413 4310 489 4371 ns.;
506 4312 572 4374 rra,
585 4316 641 4368 ur.
900 4317 934 4370 A.
947 4318 975 4368 s.
988 4321 1042 4371 rs.
