<?xml version="1.0" encoding="UTF-8"?>
<!DOCTYPE html PUBLIC "-//W3C//DTD XHTML 1.0 Transitional//EN"
    "http://www.w3.org/TR/xhtml1/DTD/xhtml1-transitional.dtd">
<html xmlns="http://www.w3.org/1999/xhtml" xml:lang="en" lang="en">
 <head>
  <title>
</title>
<meta http-equiv="Content-Type" content="text/html;charset=utf-8" />
  <meta name='ocr-system' content='tesseract 3.04.00' />
  <meta name='ocr-capabilities' content='ocr_page ocr_carea ocr_par ocr_line ocrx_word'/>
</head>
<body>
  <div class='ocr_page' id='page_1' title='image "./willelmimalmesb01willgoog_0042.png"; bbox 0 0 3142 5025; ppageno 0'>
   <div class='ocr_carea' id='block_1_1' title="bbox 195 522 1149 603">
    <p class='ocr_par' dir='ltr' id='par_1_1' title="bbox 195 522 1149 603">
     <span class='ocr_line' id='line_1_1' title="bbox 195 522 1149 603; baseline 0.006 -18"><span class='ocrx_word' id='word_1_1' title='bbox 195 540 263 586; x_wconf 83' lang='lat' dir='ltr'><strong>mn.</strong></span> <span class='ocrx_word' id='word_1_2' title='bbox 281 522 354 603; x_wconf 75' lang='lat' dir='ltr'><strong>ua]</strong></span> <span class='ocrx_word' id='word_1_3' title='bbox 428 540 543 588; x_wconf 72' lang='lat' dir='ltr'><strong>casm</strong></span> <span class='ocrx_word' id='word_1_4' title='bbox 565 540 693 589; x_wconf 79' lang='lat' dir='ltr'><strong>secun</strong></span> <span class='ocrx_word' id='word_1_5' title='bbox 717 541 933 591; x_wconf 74' lang='lat' dir='ltr'><strong>anononuu.</strong></span> <span class='ocrx_word' id='word_1_6' title='bbox 1083 526 1149 591; x_wconf 84' lang='grc'><strong>399</strong></span> 
     </span>
    </p>
   </div>
   <div class='ocr_carea' id='block_1_2' title="bbox 149 698 1154 2973">
    <p class='ocr_par' dir='ltr' id='par_1_2' title="bbox 149 698 1154 2973">
     <span class='ocr_line' id='line_1_2' title="bbox 196 698 1148 782; baseline -0.001 -19"><span class='ocrx_word' id='word_1_7' title='bbox 196 700 252 763; x_wconf 85' lang='lat' dir='ltr'><strong>liae</strong></span> <span class='ocrx_word' id='word_1_8' title='bbox 269 698 438 779; x_wconf 73' lang='lat' dir='ltr'><strong>Belgicae,</strong></span> <span class='ocrx_word' id='word_1_9' title='bbox 452 718 531 779; x_wconf 88' lang='lat' dir='ltr'><strong>quae</strong></span> <span class='ocrx_word' id='word_1_10' title='bbox 549 706 603 763; x_wconf 90' lang='lat' dir='ltr'><strong>est</strong></span> <span class='ocrx_word' id='word_1_11' title='bbox 619 700 711 763; x_wconf 89' lang='lat' dir='ltr'><strong>inter</strong></span> <span class='ocrx_word' id='word_1_12' title='bbox 726 700 864 765; x_wconf 85' lang='lat' dir='ltr'><strong>Renum</strong></span> <span class='ocrx_word' id='word_1_13' title='bbox 886 708 921 764; x_wconf 91' lang='lat' dir='ltr'><strong>et</strong></span> <span class='ocrx_word' id='word_1_14' title='bbox 938 698 1148 782; x_wconf 77' lang='lat' dir='ltr'><strong>Sequanam,</strong></span> 
     </span>
     <span class='ocr_line' id='line_1_3' title="bbox 195 798 1150 881; baseline 0.002 -20"><span class='ocrx_word' id='word_1_15' title='bbox 195 798 400 881; x_wconf 84' lang='lat' dir='ltr'><strong>praeficiens.</strong></span> <span class='ocrx_word' id='word_1_16' title='bbox 452 798 585 861; x_wconf 90' lang='lat' dir='ltr'><strong>Eodem</strong></span> <span class='ocrx_word' id='word_1_17' title='bbox 611 798 714 863; x_wconf 92' lang='lat' dir='ltr'><strong>modo</strong></span> <span class='ocrx_word' id='word_1_18' title='bbox 736 800 932 866; x_wconf 81' lang='lat' dir='ltr'>willelmus</span> <span class='ocrx_word' id='word_1_19' title='bbox 960 818 1053 876; x_wconf 91' lang='lat' dir='ltr'><strong>suos,</strong></span> <span class='ocrx_word' id='word_1_20' title='bbox 1080 818 1150 881; x_wconf 87' lang='lat' dir='ltr'><strong>qua</strong></span> 
     </span>
     <span class='ocr_line' id='line_1_4' title="bbox 195 897 1151 983; baseline 0 -22"><span class='ocrx_word' id='word_1_21' title='bbox 195 905 336 981; x_wconf 89' lang='lat' dir='ltr'><strong>poterat</strong></span> <span class='ocrx_word' id='word_1_22' title='bbox 360 898 591 974; x_wconf 81' lang='lat' dir='ltr'><strong>animositate,</strong></span> <span class='ocrx_word' id='word_1_23' title='bbox 620 897 751 977; x_wconf 91' lang='lat' dir='ltr'><strong>divisit,</strong></span> <span class='ocrx_word' id='word_1_24' title='bbox 776 900 885 983; x_wconf 87' lang='lat' dir='ltr'><strong>juxta</strong></span> <span class='ocrx_word' id='word_1_25' title='bbox 914 900 1006 980; x_wconf 75' lang='lat' dir='ltr'><strong>regis</strong></span> <span class='ocrx_word' id='word_1_26' title='bbox 1035 906 1151 963; x_wconf 87' lang='lat' dir='ltr'><strong>castra</strong></span> 
     </span>
     <span class='ocr_line' id='line_1_5' title="bbox 196 998 1150 1084; baseline 0.001 -23"><span class='ocrx_word' id='word_1_27' title='bbox 196 998 326 1061; x_wconf 91' lang='lat' dir='ltr'><strong>sensim</strong></span> <span class='ocrx_word' id='word_1_28' title='bbox 348 998 586 1074; x_wconf 81' lang='lat' dir='ltr'>obambulans,</span> <span class='ocrx_word' id='word_1_29' title='bbox 603 1018 681 1081; x_wconf 85' lang='lat' dir='ltr'><strong>quae</strong></span> <span class='ocrx_word' id='word_1_30' title='bbox 693 1000 768 1084; x_wconf 92' lang='lat' dir='ltr'><strong>jam</strong></span> <span class='ocrx_word' id='word_1_31' title='bbox 782 1000 819 1063; x_wconf 92' lang='lat' dir='ltr'><strong>in</strong></span> <span class='ocrx_word' id='word_1_32' title='bbox 835 999 1037 1063; x_wconf 87' lang='lat' dir='ltr'><strong>Ebroicensi</strong></span> <span class='ocrx_word' id='word_1_33' title='bbox 1059 1016 1150 1079; x_wconf 83' lang='lat' dir='ltr'><strong>pago</strong></span> 
     </span>
     <span class='ocr_line' id='line_1_6' title="bbox 197 1093 1151 1182; baseline -0.002 -21"><span class='ocrx_word' id='word_1_34' title='bbox 197 1098 407 1173; x_wconf 78' lang='lat' dir='ltr'>metabatur,</span> <span class='ocrx_word' id='word_1_35' title='bbox 422 1105 463 1161; x_wconf 93' lang='lat' dir='ltr'><strong>ut</strong></span> <span class='ocrx_word' id='word_1_36' title='bbox 476 1116 540 1160; x_wconf 92' lang='lat' dir='ltr'><strong>nec</strong></span> <span class='ocrx_word' id='word_1_37' title='bbox 562 1099 717 1162; x_wconf 87' lang='lat' dir='ltr'><strong>eominus</strong></span> <span class='ocrx_word' id='word_1_38' title='bbox 733 1093 929 1182; x_wconf 84' lang='lat' dir='ltr'><strong>¹pugnandi</strong></span> <span class='ocrx_word' id='word_1_39' title='bbox 944 1098 1078 1182; x_wconf 91' lang='lat' dir='ltr'><strong>copiam</strong></span> <span class='ocrx_word' id='word_1_40' title='bbox 1100 1096 1151 1160; x_wconf 68' lang='lat' dir='ltr'><strong>fa</strong></span> 
     </span>
     <span class='ocr_line' id='line_1_7' title="bbox 198 1197 1148 1279; baseline -0.002 -18"><span class='ocrx_word' id='word_1_41' title='bbox 198 1205 305 1274; x_wconf 90' lang='lat' dir='ltr'><strong>cerct,</strong></span> <span class='ocrx_word' id='word_1_42' title='bbox 329 1216 393 1260; x_wconf 89' lang='lat' dir='ltr'><strong>nec</strong></span> <span class='ocrx_word' id='word_1_43' title='bbox 419 1197 632 1279; x_wconf 86' lang='lat' dir='ltr'><strong>provinciam</strong></span> <span class='ocrx_word' id='word_1_44' title='bbox 658 1218 775 1263; x_wconf 88' lang='lat' dir='ltr'><strong>coram</strong></span> <span class='ocrx_word' id='word_1_45' title='bbox 798 1218 835 1263; x_wconf 86' lang='lat' dir='ltr'><strong>se</strong></span> <span class='ocrx_word' id='word_1_46' title='bbox 854 1198 985 1263; x_wconf 87' lang='lat' dir='ltr'><strong>vastari</strong></span> <span class='ocrx_word' id='word_1_47' title='bbox 1010 1197 1148 1262; x_wconf 90' lang='lat' dir='ltr'><strong>sineret.</strong></span> 
     </span>
     <span class='ocr_line' id='line_1_8' title="bbox 200 1295 1151 1379; baseline -0.001 -20"><span class='ocrx_word' id='word_1_48' title='bbox 200 1296 319 1360; x_wconf 84' lang='lat' dir='ltr'><strong>Duces</strong></span> <span class='ocrx_word' id='word_1_49' title='bbox 351 1295 440 1379; x_wconf 89' lang='lat' dir='ltr'><strong>ejus,</strong></span> <span class='ocrx_word' id='word_1_50' title='bbox 473 1296 648 1361; x_wconf 87' lang='lat' dir='ltr'><strong>Robertus</strong></span> <span class='ocrx_word' id='word_1_51' title='bbox 682 1316 798 1361; x_wconf 90' lang='lat' dir='ltr'><strong>comes</strong></span> <span class='ocrx_word' id='word_1_52' title='bbox 827 1296 1011 1373; x_wconf 85' lang='lat' dir='ltr'><strong>Aucensis,</strong></span> <span class='ocrx_word' id='word_1_53' title='bbox 1042 1295 1151 1377; x_wconf 85' lang='lat' dir='ltr'><strong>Hugo</strong></span> 
     </span>
     <span class='ocr_line' id='line_1_9' title="bbox 200 1393 1150 1477; baseline -0.001 -18"><span class='ocrx_word' id='word_1_54' title='bbox 200 1394 448 1472; x_wconf 87' lang='lat' dir='ltr'><strong>Gornacensis,</strong></span> <span class='ocrx_word' id='word_1_55' title='bbox 462 1394 570 1477; x_wconf 82' lang='lat' dir='ltr'><strong>Hugo</strong></span> <span class='ocrx_word' id='word_1_56' title='bbox 580 1396 713 1461; x_wconf 88' lang='lat' dir='ltr'><strong>Montis</strong></span> <span class='ocrx_word' id='word_1_57' title='bbox 726 1398 837 1475; x_wconf 82' lang='lat' dir='ltr'><strong>sortis,</strong></span> <span class='ocrx_word' id='word_1_58' title='bbox 847 1396 1044 1462; x_wconf 89' lang='lat' dir='ltr'><strong>Willelmus</strong></span> <span class='ocrx_word' id='word_1_59' title='bbox 1056 1393 1150 1458; x_wconf 91' lang='lat' dir='ltr'><strong>Cris·</strong></span> 
     </span>
     <span class='ocr_line' id='line_1_10' title="bbox 154 1490 1151 1578; baseline -0.005 -16"><span class='ocrx_word' id='word_1_60' title='bbox 154 1557 157 1562; x_wconf 92' lang='lat'>.</span> <span class='ocrx_word' id='word_1_61' title='bbox 199 1496 314 1578; x_wconf 88' lang='lat' dir='ltr'><strong>pinus,</strong></span> <span class='ocrx_word' id='word_1_62' title='bbox 323 1494 369 1558; x_wconf 92' lang='lat' dir='ltr'><strong>ad</strong></span> <span class='ocrx_word' id='word_1_63' title='bbox 384 1495 565 1559; x_wconf 86' lang='lat' dir='ltr'><strong>castellum</strong></span> <span class='ocrx_word' id='word_1_64' title='bbox 574 1497 668 1577; x_wconf 89' lang='lat' dir='ltr'><strong>quod</strong></span> <span class='ocrx_word' id='word_1_65' title='bbox 677 1490 876 1562; x_wconf 83' lang='lat' dir='ltr'><strong>²Mortnum</strong></span> <span class='ocrx_word' id='word_1_66' title='bbox 891 1515 986 1559; x_wconf 90' lang='lat' dir='ltr'><strong>mare</strong></span> <span class='ocrx_word' id='word_1_67' title='bbox 995 1500 1151 1572; x_wconf 88' lang='lat' dir='ltr'><strong>vocatur,</strong></span> 
     </span>
     <span class='ocr_line' id='line_1_11' title="bbox 199 1593 1151 1676; baseline 0 -19"><span class='ocrx_word' id='word_1_68' title='bbox 199 1595 337 1659; x_wconf 88' lang='lat' dir='ltr'><strong>infestis</strong></span> <span class='ocrx_word' id='word_1_69' title='bbox 359 1593 468 1676; x_wconf 83' lang='lat' dir='ltr'><strong>signis</strong></span> <span class='ocrx_word' id='word_1_70' title='bbox 494 1602 617 1659; x_wconf 84' lang='lat' dir='ltr'><strong>contra</strong></span> <span class='ocrx_word' id='word_1_71' title='bbox 644 1595 800 1661; x_wconf 90' lang='lat' dir='ltr'><strong>Odonem</strong></span> <span class='ocrx_word' id='word_1_72' title='bbox 826 1597 1021 1661; x_wconf 88' lang='lat' dir='ltr'><strong>constitere.</strong></span> <span class='ocrx_word' id='word_1_73' title='bbox 1076 1593 1151 1658; x_wconf 91' lang='lat' dir='ltr'><strong>Nec</strong></span> 
     </span>
     <span class='ocr_line' id='line_1_12' title="bbox 149 1695 1152 1778; baseline 0 -21"><span class='ocrx_word' id='word_1_74' title='bbox 149 1696 152 1699; x_wconf 78' lang='grc'><strong>’</strong></span> <span class='ocrx_word' id='word_1_75' title='bbox 198 1695 258 1757; x_wconf 92' lang='lat' dir='ltr'><strong>ille</strong></span> <span class='ocrx_word' id='word_1_76' title='bbox 287 1713 351 1776; x_wconf 93' lang='lat' dir='ltr'><strong>pro</strong></span> <span class='ocrx_word' id='word_1_77' title='bbox 380 1713 523 1757; x_wconf 90' lang='lat' dir='ltr'><strong>numero</strong></span> <span class='ocrx_word' id='word_1_78' title='bbox 547 1696 707 1773; x_wconf 90' lang='lat' dir='ltr'><strong>militum,</strong></span> <span class='ocrx_word' id='word_1_79' title='bbox 735 1716 804 1778; x_wconf 91' lang='lat' dir='ltr'><strong>quo</strong></span> <span class='ocrx_word' id='word_1_80' title='bbox 827 1698 993 1772; x_wconf 79' lang='lat' dir='ltr'><strong>tumebat,</strong></span> <span class='ocrx_word' id='word_1_81' title='bbox 1019 1712 1152 1758; x_wconf 86' lang='lat' dir='ltr'><strong>moram</strong></span> 
     </span>
     <span class='ocr_line' id='line_1_13' title="bbox 199 1791 1152 1878; baseline 0 -22"><span class='ocrx_word' id='word_1_82' title='bbox 199 1812 328 1877; x_wconf 80' lang='lat' dir='ltr'><strong>pugnae</strong></span> <span class='ocrx_word' id='word_1_83' title='bbox 345 1791 439 1870; x_wconf 85' lang='lat' dir='ltr'><strong>fecit,</strong></span> <span class='ocrx_word' id='word_1_84' title='bbox 463 1794 524 1857; x_wconf 88' lang='lat' dir='ltr'><strong>sed</strong></span> <span class='ocrx_word' id='word_1_85' title='bbox 544 1812 730 1878; x_wconf 79' lang='lat' dir='ltr'><strong>parumper</strong></span> <span class='ocrx_word' id='word_1_86' title='bbox 751 1796 913 1859; x_wconf 88' lang='lat' dir='ltr'><strong>resistere</strong></span> <span class='ocrx_word' id='word_1_87' title='bbox 936 1814 1054 1872; x_wconf 87' lang='lat' dir='ltr'><strong>ausus,</strong></span> <span class='ocrx_word' id='word_1_88' title='bbox 1069 1813 1152 1857; x_wconf 84' lang='lat' dir='ltr'><strong>mox</strong></span> 
     </span>
     <span class='ocr_line' id='line_1_14' title="bbox 201 1891 1151 1975; baseline 0.001 -20"><span class='ocrx_word' id='word_1_89' title='bbox 201 1894 369 1975; x_wconf 90' lang='lat' dir='ltr'><strong>impetum</strong></span> <span class='ocrx_word' id='word_1_90' title='bbox 397 1891 433 1957; x_wconf 94' lang='lat' dir='ltr'>N</span> <span class='ocrx_word' id='word_1_91' title='bbox 435 1912 679 1958; x_wconf 87' lang='lat' dir='ltr'><strong>ormannorum</strong></span> <span class='ocrx_word' id='word_1_92' title='bbox 705 1915 775 1959; x_wconf 89' lang='lat' dir='ltr'><strong>non</strong></span> <span class='ocrx_word' id='word_1_93' title='bbox 802 1895 927 1971; x_wconf 87' lang='lat' dir='ltr'><strong>ferens,</strong></span> <span class='ocrx_word' id='word_1_94' title='bbox 955 1902 1056 1975; x_wconf 86' lang='lat' dir='ltr'><strong>terga</strong></span> <span class='ocrx_word' id='word_1_95' title='bbox 1087 1913 1151 1956; x_wconf 92' lang='lat' dir='ltr'><strong>nu-</strong></span> 
     </span>
     <span class='ocr_line' id='line_1_15' title="bbox 201 1991 1152 2078; baseline 0 -23"><span class='ocrx_word' id='word_1_96' title='bbox 201 1992 312 2068; x_wconf 89' lang='lat' dir='ltr'><strong>davit,</strong></span> <span class='ocrx_word' id='word_1_97' title='bbox 344 2011 445 2055; x_wconf 90' lang='lat' dir='ltr'><strong>omen</strong></span> <span class='ocrx_word' id='word_1_98' title='bbox 473 1991 565 2075; x_wconf 82' lang='lat' dir='ltr'><strong>fugae</strong></span> <span class='ocrx_word' id='word_1_99' title='bbox 595 1995 727 2076; x_wconf 89' lang='lat' dir='ltr'><strong>primus</strong></span> <span class='ocrx_word' id='word_1_100' title='bbox 748 1996 969 2078; x_wconf 84' lang='lat' dir='ltr'><strong>auspicatus:</strong></span> <span class='ocrx_word' id='word_1_101' title='bbox 998 1992 1152 2056; x_wconf 91' lang='lat' dir='ltr'><strong>ibidum</strong></span> 
     </span>
     <span class='ocr_line' id='line_1_16' title="bbox 204 2091 1152 2159; baseline 0 -4"><span class='ocrx_word' id='word_1_102' title='bbox 204 2091 321 2156; x_wconf 89' lang='lat' dir='ltr'><strong>Guido</strong></span> <span class='ocrx_word' id='word_1_103' title='bbox 337 2091 481 2156; x_wconf 90' lang='lat' dir='ltr'><strong>Pontivi</strong></span> <span class='ocrx_word' id='word_1_104' title='bbox 494 2112 609 2157; x_wconf 91' lang='lat' dir='ltr'><strong>comes</strong></span> <span class='ocrx_word' id='word_1_105' title='bbox 628 2094 816 2159; x_wconf 88' lang='lat' dir='ltr'><strong>studiosius</strong></span> <span class='ocrx_word' id='word_1_106' title='bbox 830 2094 952 2158; x_wconf 92' lang='lat' dir='ltr'><strong>ultioni</strong></span> <span class='ocrx_word' id='word_1_107' title='bbox 967 2092 1084 2156; x_wconf 88' lang='lat' dir='ltr'><strong>fratris</strong></span> <span class='ocrx_word' id='word_1_108' title='bbox 1098 2093 1152 2155; x_wconf 93' lang='lat' dir='ltr'><strong>in-</strong></span> 
     </span>
     <span class='ocr_line' id='line_1_17' title="bbox 203 2192 1152 2275; baseline -0.003 -19"><span class='ocrx_word' id='word_1_109' title='bbox 203 2192 327 2269; x_wconf 84' lang='lat' dir='ltr'><strong>tendit,</strong></span> <span class='ocrx_word' id='word_1_110' title='bbox 349 2199 485 2275; x_wconf 75' lang='lat' dir='ltr'><strong>ceptae,</strong></span> <span class='ocrx_word' id='word_1_111' title='bbox 500 2193 641 2257; x_wconf 82' lang='lat' dir='ltr'><strong>fatalem</strong></span> <span class='ocrx_word' id='word_1_112' title='bbox 667 2194 807 2259; x_wconf 85' lang='lat' dir='ltr'><strong>familiae</strong></span> <span class='ocrx_word' id='word_1_113' title='bbox 832 2214 905 2257; x_wconf 87' lang='lat' dir='ltr'><strong>suae</strong></span> <span class='ocrx_word' id='word_1_114' title='bbox 926 2210 1066 2257; x_wconf 86' lang='lat' dir='ltr'><strong>manum</strong></span> <span class='ocrx_word' id='word_1_115' title='bbox 1089 2210 1152 2254; x_wconf 88' lang='lat' dir='ltr'><strong>ex·</strong></span> 
     </span>
     <span class='ocr_line' id='line_1_18' title="bbox 203 2284 1153 2375; baseline -0.002 -21"><span class='ocrx_word' id='word_1_116' title='bbox 203 2292 360 2370; x_wconf 82' lang='lat' dir='ltr'><strong>horruit3</strong></span> <span class='ocrx_word' id='word_1_117' title='bbox 383 2298 553 2373; x_wconf 89' lang='lat' dir='ltr'><strong>praeterea</strong></span> <span class='ocrx_word' id='word_1_118' title='bbox 565 2293 681 2375; x_wconf 91' lang='lat' dir='ltr'><strong>plures</strong></span> <span class='ocrx_word' id='word_1_119' title='bbox 705 2292 777 2369; x_wconf 86' lang='lat' dir='ltr'><strong>alii,</strong></span> <span class='ocrx_word' id='word_1_120' title='bbox 797 2294 1034 2375; x_wconf 85' lang='lat' dir='ltr'><strong>praecellentes</strong></span> <span class='ocrx_word' id='word_1_121' title='bbox 1052 2284 1153 2371; x_wconf 80' lang='lat' dir='ltr'><strong>³ope·</strong></span> 
     </span>
     <span class='ocr_line' id='line_1_19' title="bbox 203 2390 1154 2476; baseline -0.003 -22"><span class='ocrx_word' id='word_1_122' title='bbox 203 2392 311 2468; x_wconf 90' lang='lat' dir='ltr'><strong>ribus,</strong></span> <span class='ocrx_word' id='word_1_123' title='bbox 328 2398 509 2471; x_wconf 82' lang='lat' dir='ltr'><strong>turgentes</strong></span> <span class='ocrx_word' id='word_1_124' title='bbox 526 2393 695 2476; x_wconf 90' lang='lat' dir='ltr'><strong>majorum</strong></span> <span class='ocrx_word' id='word_1_125' title='bbox 708 2392 893 2456; x_wconf 87' lang='lat' dir='ltr'><strong>natalibus.</strong></span> <span class='ocrx_word' id='word_1_126' title='bbox 946 2390 1053 2453; x_wconf 91' lang='lat' dir='ltr'><strong>Hunc</strong></span> <span class='ocrx_word' id='word_1_127' title='bbox 1076 2408 1154 2452; x_wconf 90' lang='lat' dir='ltr'><strong>suc-</strong></span> 
     </span>
     <span class='ocr_line' id='line_1_20' title="bbox 204 2483 1153 2575; baseline -0.003 -20"><span class='ocrx_word' id='word_1_128' title='bbox 204 2510 352 2568; x_wconf 88' lang='lat' dir='ltr'><strong>cessum,</strong></span> <span class='ocrx_word' id='word_1_129' title='bbox 378 2510 423 2555; x_wconf 88' lang='lat' dir='ltr'><strong>ex</strong></span> <span class='ocrx_word' id='word_1_130' title='bbox 449 2483 730 2558; x_wconf 76' lang='lat' dir='ltr'><strong>*advenientibus</strong></span> <span class='ocrx_word' id='word_1_131' title='bbox 751 2493 942 2575; x_wconf 82' lang='lat' dir='ltr'><strong>cognitum,</strong></span> <span class='ocrx_word' id='word_1_132' title='bbox 956 2489 1153 2554; x_wconf 90' lang='lat' dir='ltr'><strong>Willelmus</strong></span> 
     </span>
     <span class='ocr_line' id='line_1_21' title="bbox 204 2589 1154 2675; baseline -0.003 -20"><span class='ocrx_word' id='word_1_133' title='bbox 204 2593 334 2655; x_wconf 88' lang='lat' dir='ltr'><strong>circum</strong></span> <span class='ocrx_word' id='word_1_134' title='bbox 346 2593 439 2672; x_wconf 78' lang='lat' dir='ltr'><strong>regis</strong></span> <span class='ocrx_word' id='word_1_135' title='bbox 456 2594 608 2656; x_wconf 88' lang='lat' dir='ltr'><strong>tentoria</strong></span> <span class='ocrx_word' id='word_1_136' title='bbox 621 2601 721 2658; x_wconf 90' lang='lat' dir='ltr'><strong>nocte</strong></span> <span class='ocrx_word' id='word_1_137' title='bbox 734 2594 943 2675; x_wconf 88' lang='lat' dir='ltr'><strong>intempesta</strong></span> <span class='ocrx_word' id='word_1_138' title='bbox 963 2589 1154 2674; x_wconf 86' lang='lat' dir='ltr'><strong>praeconari</strong></span> 
     </span>
     <span class='ocr_line' id='line_1_22' title="bbox 205 2691 1153 2776; baseline -0.003 -21"><span class='ocrx_word' id='word_1_139' title='bbox 205 2693 361 2770; x_wconf 89' lang='lat' dir='ltr'><strong>curavit;</strong></span> <span class='ocrx_word' id='word_1_140' title='bbox 393 2711 463 2773; x_wconf 93' lang='lat' dir='ltr'><strong>quo</strong></span> <span class='ocrx_word' id='word_1_141' title='bbox 486 2693 617 2770; x_wconf 89' lang='lat' dir='ltr'><strong>audito,</strong></span> <span class='ocrx_word' id='word_1_142' title='bbox 645 2701 726 2776; x_wconf 94' lang='lat' dir='ltr'><strong>post</strong></span> <span class='ocrx_word' id='word_1_143' title='bbox 751 2693 884 2775; x_wconf 89' lang='lat' dir='ltr'><strong>aliquot</strong></span> <span class='ocrx_word' id='word_1_144' title='bbox 908 2692 982 2755; x_wconf 92' lang='lat' dir='ltr'><strong>dies</strong></span> <span class='ocrx_word' id='word_1_145' title='bbox 1007 2709 1095 2772; x_wconf 93' lang='lat' dir='ltr'><strong>quos</strong></span> <span class='ocrx_word' id='word_1_146' title='bbox 1117 2691 1153 2752; x_wconf 92' lang='lat' dir='ltr'><strong>in</strong></span> 
     </span>
     <span class='ocr_line' id='line_1_23' title="bbox 208 2788 1154 2874; baseline -0.002 -20"><span class='ocrx_word' id='word_1_147' title='bbox 208 2790 427 2855; x_wconf 75' lang='lat' dir='ltr'><strong>Nor-mannia</strong></span> <span class='ocrx_word' id='word_1_148' title='bbox 438 2792 522 2872; x_wconf 78' lang='lat' dir='ltr'><strong>egit,</strong></span> <span class='ocrx_word' id='word_1_149' title='bbox 537 2791 665 2874; x_wconf 81' lang='lat' dir='ltr'><strong>refugit</strong></span> <span class='ocrx_word' id='word_1_150' title='bbox 683 2794 720 2856; x_wconf 92' lang='lat' dir='ltr'><strong>in</strong></span> <span class='ocrx_word' id='word_1_151' title='bbox 738 2793 941 2856; x_wconf 87' lang='lat' dir='ltr'><strong>Franciam:</strong></span> <span class='ocrx_word' id='word_1_152' title='bbox 966 2811 1029 2854; x_wconf 88' lang='lat' dir='ltr'><strong>nec</strong></span> <span class='ocrx_word' id='word_1_153' title='bbox 1045 2788 1154 2852; x_wconf 91' lang='lat' dir='ltr'><strong>multo</strong></span> 
     </span>
     <span class='ocr_line' id='line_1_24' title="bbox 206 2888 1154 2973; baseline -0.003 -19"><span class='ocrx_word' id='word_1_154' title='bbox 206 2899 289 2973; x_wconf 86' lang='lat' dir='ltr'><strong>post</strong></span> <span class='ocrx_word' id='word_1_155' title='bbox 310 2898 475 2972; x_wconf 90' lang='lat' dir='ltr'><strong>tempore,</strong></span> <span class='ocrx_word' id='word_1_156' title='bbox 501 2891 772 2956; x_wconf 88' lang='lat' dir='ltr'><strong>discurrentibus</strong></span> <span class='ocrx_word' id='word_1_157' title='bbox 797 2892 980 2972; x_wconf 90' lang='lat' dir='ltr'><strong>utrobique</strong></span> <span class='ocrx_word' id='word_1_158' title='bbox 1007 2888 1154 2965; x_wconf 78' lang='lat' dir='ltr'><strong>nunciiS,</strong></span> 
     </span>
    </p>
   </div>
   <div class='ocr_carea' id='block_1_3' title="bbox 105 2989 1154 3074">
    <p class='ocr_par' dir='ltr' id='par_1_3' title="bbox 105 2989 1154 3074">
     <span class='ocr_line' id='line_1_25' title="bbox 105 2989 1154 3074; baseline -0.002 -22"><span class='ocrx_word' id='word_1_159' title='bbox 105 3000 109 3004; x_wconf 70' lang='grc'>“</span> <span class='ocrx_word' id='word_1_160' title='bbox 206 2990 351 3072; x_wconf 88' lang='lat' dir='ltr'><strong>pacifice</strong></span> <span class='ocrx_word' id='word_1_161' title='bbox 382 2999 590 3055; x_wconf 87' lang='lat' dir='ltr'><strong>conventum</strong></span> <span class='ocrx_word' id='word_1_162' title='bbox 612 2999 652 3056; x_wconf 87' lang='lat' dir='ltr'><strong>ut</strong></span> <span class='ocrx_word' id='word_1_163' title='bbox 674 2993 761 3073; x_wconf 86' lang='lat' dir='ltr'><strong>regii</strong></span> <span class='ocrx_word' id='word_1_164' title='bbox 782 2990 913 3074; x_wconf 87' lang='lat' dir='ltr'><strong>captivi</strong></span> <span class='ocrx_word' id='word_1_165' title='bbox 934 2989 1154 3054; x_wconf 90' lang='lat' dir='ltr'><strong>absolveren-</strong></span> 
     </span>
    </p>
   </div>
   <div class='ocr_carea' id='block_1_4' title="bbox 205 3087 1158 3571">
    <p class='ocr_par' dir='ltr' id='par_1_4' title="bbox 205 3087 1156 3272">
     <span class='ocr_line' id='line_1_26' title="bbox 205 3087 1156 3175; baseline -0.004 -21"><span class='ocrx_word' id='word_1_166' title='bbox 205 3097 276 3167; x_wconf 89' lang='lat' dir='ltr'><strong>tur,</strong></span> <span class='ocrx_word' id='word_1_167' title='bbox 303 3108 418 3153; x_wconf 91' lang='lat' dir='ltr'><strong>comes</strong></span> <span class='ocrx_word' id='word_1_168' title='bbox 448 3098 568 3174; x_wconf 89' lang='lat' dir='ltr'><strong>erepta</strong></span> <span class='ocrx_word' id='word_1_169' title='bbox 596 3091 652 3155; x_wconf 90' lang='lat' dir='ltr'><strong>vel</strong></span> <span class='ocrx_word' id='word_1_170' title='bbox 679 3091 855 3175; x_wconf 86' lang='lat' dir='ltr'><strong>eripienda</strong></span> <span class='ocrx_word' id='word_1_171' title='bbox 884 3089 1046 3154; x_wconf 89' lang='lat' dir='ltr'><strong>Martello</strong></span> <span class='ocrx_word' id='word_1_172' title='bbox 1076 3087 1156 3171; x_wconf 89' lang='lat' dir='ltr'><strong>jure</strong></span> 
     </span>
     <span class='ocr_line' id='line_1_27' title="bbox 207 3189 591 3272; baseline 0 -18"><span class='ocrx_word' id='word_1_173' title='bbox 207 3190 408 3254; x_wconf 86' lang='lat' dir='ltr'><strong>vendicaret</strong></span> <span class='ocrx_word' id='word_1_174' title='bbox 424 3189 591 3272; x_wconf 83' lang='lat' dir='ltr'><strong>legitimo.</strong></span> 
     </span>
    </p>

    <p class='ocr_par' dir='ltr' id='par_1_5' title="bbox 205 3284 1158 3571">
     <span class='ocr_line' id='line_1_28' title="bbox 259 3284 1158 3372; baseline -0.004 -20"><span class='ocrx_word' id='word_1_175' title='bbox 259 3288 277 3371; x_wconf 85' lang='lat'>§</span> <span class='ocrx_word' id='word_1_176' title='bbox 293 3289 371 3353; x_wconf 78' lang='grc'><strong>234.</strong></span> <span class='ocrx_word' id='word_1_177' title='bbox 394 3288 553 3372; x_wconf 84' lang='lat' dir='ltr'><strong>Longum</strong></span> <span class='ocrx_word' id='word_1_178' title='bbox 568 3296 622 3354; x_wconf 89' lang='lat' dir='ltr'><strong>est</strong></span> <span class='ocrx_word' id='word_1_179' title='bbox 635 3297 670 3353; x_wconf 91' lang='lat' dir='ltr'><strong>et</strong></span> <span class='ocrx_word' id='word_1_180' title='bbox 686 3310 756 3354; x_wconf 92' lang='lat' dir='ltr'><strong>non</strong></span> <span class='ocrx_word' id='word_1_181' title='bbox 777 3290 1008 3354; x_wconf 89' lang='lat' dir='ltr'><strong>necessarimn</strong></span> <span class='ocrx_word' id='word_1_182' title='bbox 1032 3284 1158 3350; x_wconf 88' lang='lat' dir='ltr'><strong>referre</strong></span> 
     </span>
     <span class='ocr_line' id='line_1_29' title="bbox 205 3389 1157 3469; baseline -0.002 -19"><span class='ocrx_word' id='word_1_183' title='bbox 205 3396 349 3469; x_wconf 85' lang='lat' dir='ltr'><strong>quantae</strong></span> <span class='ocrx_word' id='word_1_184' title='bbox 363 3389 527 3453; x_wconf 91' lang='lat' dir='ltr'><strong>intereos</strong></span> <span class='ocrx_word' id='word_1_185' title='bbox 542 3391 782 3454; x_wconf 87' lang='lat' dir='ltr'><strong>contentiones</strong></span> <span class='ocrx_word' id='word_1_186' title='bbox 796 3396 944 3453; x_wconf 85' lang='lat' dir='ltr'><strong>versatae</strong></span> <span class='ocrx_word' id='word_1_187' title='bbox 961 3395 1055 3463; x_wconf 91' lang='lat' dir='ltr'><strong>sunt,</strong></span> <span class='ocrx_word' id='word_1_188' title='bbox 1070 3404 1157 3466; x_wconf 93' lang='lat' dir='ltr'><strong>quo·</strong></span> 
     </span>
     <span class='ocr_line' id='line_1_30' title="bbox 207 3487 1157 3571; baseline -0.002 -23"><span class='ocrx_word' id='word_1_189' title='bbox 207 3488 311 3551; x_wconf 92' lang='lat' dir='ltr'><strong>modo</strong></span> <span class='ocrx_word' id='word_1_190' title='bbox 325 3487 524 3552; x_wconf 89' lang='lat' dir='ltr'><strong>Willelmus</strong></span> <span class='ocrx_word' id='word_1_191' title='bbox 545 3508 680 3571; x_wconf 88' lang='lat' dir='ltr'><strong>semper</strong></span> <span class='ocrx_word' id='word_1_192' title='bbox 705 3489 915 3571; x_wconf 90' lang='lat' dir='ltr'><strong>superiorem</strong></span> <span class='ocrx_word' id='word_1_193' title='bbox 941 3506 1080 3550; x_wconf 87' lang='lat' dir='ltr'><strong>manum</strong></span> <span class='ocrx_word' id='word_1_194' title='bbox 1103 3504 1157 3547; x_wconf 90' lang='lat' dir='ltr'><strong>re-</strong></span> 
     </span>
    </p>
   </div>
   <div class='ocr_carea' id='block_1_5' title="bbox 163 3585 1264 3672">
    <p class='ocr_par' dir='ltr' id='par_1_6' title="bbox 163 3585 1264 3672">
     <span class='ocr_line' id='line_1_31' title="bbox 163 3585 1264 3672; baseline -0.005 -22"><span class='ocrx_word' id='word_1_195' title='bbox 163 3595 166 3597; x_wconf 74' lang='grc'><strong><em>’</em></strong></span> <span class='ocrx_word' id='word_1_196' title='bbox 207 3587 339 3651; x_wconf 89' lang='lat' dir='ltr'><strong>tulerit.</strong></span> <span class='ocrx_word' id='word_1_197' title='bbox 392 3586 486 3666; x_wconf 89' lang='lat' dir='ltr'><strong>Quid</strong></span> <span class='ocrx_word' id='word_1_198' title='bbox 513 3588 604 3670; x_wconf 90' lang='lat' dir='ltr'><strong>quod</strong></span> <span class='ocrx_word' id='word_1_199' title='bbox 632 3589 865 3653; x_wconf 87' lang='lat' dir='ltr'><strong>inaestimabili</strong></span> <span class='ocrx_word' id='word_1_200' title='bbox 890 3585 1158 3672; x_wconf 88' lang='lat' dir='ltr'><strong>praesumptione</strong></span> <span class='ocrx_word' id='word_1_201' title='bbox 1261 3609 1264 3616; x_wconf 46' lang='lat'><em>¹</em></span> 
     </span>
    </p>
   </div>
   <div class='ocr_carea' id='block_1_6' title="bbox 208 3685 1158 3769">
    <p class='ocr_par' dir='ltr' id='par_1_7' title="bbox 208 3685 1158 3769">
     <span class='ocr_line' id='line_1_32' title="bbox 208 3685 1158 3769; baseline -0.004 -20"><span class='ocrx_word' id='word_1_202' title='bbox 208 3685 433 3764; x_wconf 67' lang='lat' dir='ltr'><strong>fortitudinis</strong></span> <span class='ocrx_word' id='word_1_203' title='bbox 456 3707 633 3769; x_wconf 88' lang='lat' dir='ltr'><strong>nunquam</strong></span> <span class='ocrx_word' id='word_1_204' title='bbox 659 3689 786 3766; x_wconf 92' lang='lat' dir='ltr'><strong>subito,</strong></span> <span class='ocrx_word' id='word_1_205' title='bbox 809 3708 872 3753; x_wconf 88' lang='lat' dir='ltr'><strong>nec</strong></span> <span class='ocrx_word' id='word_1_206' title='bbox 903 3688 970 3751; x_wconf 93' lang='lat' dir='ltr'><strong>nisi</strong></span> <span class='ocrx_word' id='word_1_207' title='bbox 997 3703 1158 3768; x_wconf 89' lang='lat' dir='ltr'><strong>praenun-</strong></span> 
     </span>
    </p>
   </div>
   <div class='ocr_carea' id='block_1_7' title="bbox 211 3977 1161 4180">
    <p class='ocr_par' dir='ltr' id='par_1_8' title="bbox 211 3977 1161 4180">
     <span class='ocr_line' id='line_1_33' title="bbox 211 3977 1161 4100; baseline -0.026 -22"><span class='ocrx_word' id='word_1_208' title='bbox 211 3977 466 4100; x_wconf 47' lang='lat' dir='ltr'><strong>bdpugmdi&#39;u‘</strong></span> <span class='ocrx_word' id='word_1_209' title='bbox 479 3978 508 4028; x_wconf 54' lang='grc' dir='ltr'><strong>δ’</strong></span> <span class='ocrx_word' id='word_1_210' title='bbox 523 3980 552 4028; x_wconf 70' lang='lat' dir='ltr'><strong>c&#39;</strong></span> <span class='ocrx_word' id='word_1_211' title='bbox 566 3978 602 4026; x_wconf 78' lang='lat' dir='ltr'><strong>D‘</strong></span> <span class='ocrx_word' id='word_1_212' title='bbox 615 3978 670 4026; x_wconf 55' lang='grc' dir='ltr'><strong>ω’</strong></span> <span class='ocrx_word' id='word_1_213' title='bbox 731 4009 742 4042; x_wconf 78' lang='lat'>³</span> <span class='ocrx_word' id='word_1_214' title='bbox 755 4011 898 4075; x_wconf 64' lang='lat' dir='ltr'><strong>cymbae]</strong></span> <span class='ocrx_word' id='word_1_215' title='bbox 915 4010 951 4060; x_wconf 87' lang='lat' dir='ltr'><strong>D.</strong></span> <span class='ocrx_word' id='word_1_216' title='bbox 968 4010 992 4057; x_wconf 88' lang='grc' dir='ltr'><em>Ε</em></span> <span class='ocrx_word' id='word_1_217' title='bbox 1001 4012 1043 4068; x_wconf 87' lang='grc'><strong>1.;</strong></span> <span class='ocrx_word' id='word_1_218' title='bbox 1060 4006 1161 4069; x_wconf 89' lang='lat' dir='ltr'><strong>opibus,</strong></span> 
     </span>
     <span class='ocr_line' id='line_1_34' title="bbox 235 4048 862 4133; baseline -0.026 -33"><span class='ocrx_word' id='word_1_219' title='bbox 235 4086 257 4109; x_wconf 85' lang='lat'><strong>.,</strong></span> <span class='ocrx_word' id='word_1_220' title='bbox 273 4048 493 4112; x_wconf 79' lang='lat' dir='ltr'><strong>pugnando,E1.</strong></span> <span class='ocrx_word' id='word_1_221' title='bbox 698 4084 719 4133; x_wconf 69' lang='lat' dir='ltr'><em>S</em></span> <span class='ocrx_word' id='word_1_222' title='bbox 739 4083 794 4131; x_wconf 57' lang='grc' dir='ltr'><strong>Μ</strong></span> <span class='ocrx_word' id='word_1_223' title='bbox 807 4082 862 4131; x_wconf 44' lang='lat' dir='ltr'><strong>m·</strong></span> 
     </span>
     <span class='ocr_line' id='line_1_35' title="bbox 245 4117 726 4180; baseline -0.015 -10"><span class='ocrx_word' id='word_1_224' title='bbox 245 4118 395 4169; x_wconf 66' lang='lat' dir='ltr'><strong>&#39;Mortuum</strong></span> <span class='ocrx_word' id='word_1_225' title='bbox 404 4117 492 4180; x_wconf 76' lang='lat' dir='ltr'><strong>orara]</strong></span> <span class='ocrx_word' id='word_1_226' title='bbox 510 4118 563 4167; x_wconf 91' lang='lat' dir='ltr'><strong>The</strong></span> <span class='ocrx_word' id='word_1_227' title='bbox 574 4118 673 4165; x_wconf 81' lang='lat' dir='ltr'><strong>famous</strong></span> <span class='ocrx_word' id='word_1_228' title='bbox 720 4119 726 4133; x_wconf 80' lang='lat'>⁸</span> 
     </span>
    </p>
   </div>
   <div class='ocr_carea' id='block_1_8' title="bbox 210 4187 1160 4286">
    <p class='ocr_par' dir='ltr' id='par_1_9' title="bbox 210 4187 1160 4286">
     <span class='ocr_line' id='line_1_36' title="bbox 210 4187 1160 4286; baseline 0.032 -40"><span class='ocrx_word' id='word_1_229' title='bbox 210 4187 673 4239; x_wconf 61' lang='lat' dir='ltr'><strong>b³ffl0⁰sM⁰¹t⁸m⁰¹i⁸fi¹edinth⁰</strong></span> <span class='ocrx_word' id='word_1_230' title='bbox 733 4214 971 4286; x_wconf 80' lang='lat' dir='ltr'><strong>⁴Adoenientibos.]</strong></span> <span class='ocrx_word' id='word_1_231' title='bbox 998 4220 1027 4267; x_wconf 88' lang='lat' dir='ltr'><strong>C.</strong></span> <span class='ocrx_word' id='word_1_232' title='bbox 1052 4219 1086 4268; x_wconf 85' lang='lat' dir='ltr'><strong>D·</strong></span> <span class='ocrx_word' id='word_1_233' title='bbox 1111 4218 1160 4276; x_wconf 81' lang='lat' dir='ltr'><strong>E.;</strong></span> 
     </span>
    </p>
   </div>
   <div class='ocr_carea' id='block_1_9' title="bbox 212 4257 678 4321">
    <p class='ocr_par' dir='ltr' id='par_1_10' title="bbox 212 4257 678 4321">
     <span class='ocr_line' id='line_1_37' title="bbox 212 4257 678 4321; baseline -0.006 -13"><span class='ocrx_word' id='word_1_234' title='bbox 212 4275 272 4321; x_wconf 81' lang='lat' dir='ltr'><strong>year</strong></span> <span class='ocrx_word' id='word_1_235' title='bbox 289 4262 355 4308; x_wconf 76' lang='grc'><strong>1064</strong></span> <span class='ocrx_word' id='word_1_236' title='bbox 374 4259 408 4318; x_wconf 84' lang='lat' dir='ltr'><strong>by</strong></span> <span class='ocrx_word' id='word_1_237' title='bbox 419 4257 461 4305; x_wconf 87' lang='lat' dir='ltr'><strong>the</strong></span> <span class='ocrx_word' id='word_1_238' title='bbox 477 4257 639 4319; x_wconf 85' lang='lat' dir='ltr'><strong>interpolator</strong></span> <span class='ocrx_word' id='word_1_239' title='bbox 649 4257 678 4305; x_wconf 81' lang='lat' dir='ltr'><strong>os</strong></span> 
     </span>
    </p>
   </div>
   <div class='ocr_carea' id='block_1_10' title="bbox 211 4289 1032 4388">
    <p class='ocr_par' dir='ltr' id='par_1_11' title="bbox 211 4289 1032 4388">
     <span class='ocr_line' id='line_1_38' title="bbox 211 4289 1032 4388; baseline -0.005 -45"><span class='ocrx_word' id='word_1_240' title='bbox 211 4329 325 4378; x_wconf 50' lang='grc' dir='ltr'><strong>ΨΜ</strong></span> <span class='ocrx_word' id='word_1_241' title='bbox 336 4327 365 4377; x_wconf 68' lang='lat' dir='ltr'><strong>of</strong></span> <span class='ocrx_word' id='word_1_242' title='bbox 371 4329 389 4377; x_wconf 85' lang='lat' dir='ltr'>J</span> <span class='ocrx_word' id='word_1_243' title='bbox 391 4325 460 4376; x_wconf 46' lang='lat' dir='ltr'><strong>mum</strong></span> <span class='ocrx_word' id='word_1_244' title='bbox 462 4341 515 4388; x_wconf 43' lang='lat' dir='ltr'><strong>ges·</strong></span> <span class='ocrx_word' id='word_1_245' title='bbox 699 4290 903 4352; x_wconf 83' lang='lat' dir='ltr'><strong>adventantibus,</strong></span> <span class='ocrx_word' id='word_1_246' title='bbox 913 4289 947 4340; x_wconf 79' lang='lat' dir='ltr'><strong>A.</strong></span> <span class='ocrx_word' id='word_1_247' title='bbox 961 4290 989 4339; x_wconf 77' lang='lat' dir='ltr'><strong>S.</strong></span> <span class='ocrx_word' id='word_1_248' title='bbox 1001 4289 1032 4339; x_wconf 79' lang='lat' dir='ltr'><strong>L.</strong></span> 
     </span>
    </p>
   </div>
   <div class='ocr_carea' id='block_1_11' title="bbox 0 0 1595 5025">
    <p class='ocr_par' dir='ltr' id='par_1_12' title="bbox 0 0 1595 5025">
     <span class='ocr_line' id='line_1_39' title="bbox 0 0 1595 5025; baseline 0 0"><span class='ocrx_word' id='word_1_249' title='bbox 0 0 1595 5025; x_wconf 95' lang='lat' dir='ltr'><strong> </strong></span> 
     </span>
    </p>
   </div>
  </div>
 </body>
</html>
