3142 5025
226 532 294 579 um.
313 517 363 598 v.]
460 534 572 583 cnsrn
597 536 723 585 nnouu
747 536 962 585 nucuonun.
1114 521 1179 586 633

228 689 321 772 regis
343 692 483 774 obryzo.
536 690 619 756 Non
632 693 724 774 quod
739 691 799 756 ille
814 691 1067 769 obtuleritssed
1085 694 1177 775 quod

226 790 316 854 alter
337 790 551 868 invitaverit,
573 791 666 856 ultro
691 792 880 856 adhortans
905 813 948 856 ne
974 791 1175 857 clarissimae

226 889 308 952 olim
324 890 447 972 patriae
462 909 588 955 nervos
604 890 878 956 dissimulatione
894 910 958 955 sua
974 891 1104 956 succidi
1127 893 1174 956 si·

225 996 332 1053 neret.
385 988 516 1053 Postea
539 1009 622 1054 vero
646 990 807 1054 simultas
838 991 929 1054 inter
958 1009 1018 1054 eos
1050 999 1173 1056 exorta

225 1095 280 1152 est
293 1107 357 1171 pro
373 1088 569 1152 Thethaldo
585 1089 710 1153 comite
728 1090 898 1168 Blesensi‚
913 1089 984 1153 filio
1004 1089 1172 1172 Stephani

226 1185 286 1269 qui
307 1186 401 1269 apud
425 1187 612 1251 Ramulam
636 1189 808 1266 occubuit,
833 1189 928 1271 quod
954 1188 1170 1254 Thethaldus

223 1292 406 1368 susceptus
421 1295 513 1351 esset
529 1286 705 1369 Stephano
722 1305 768 1351 ex
781 1286 898 1352 Adala
915 1287 986 1352 filie
1002 1288 1170 1354 Willelmi

224 1385 354 1466 magni.
405 1384 477 1449 Diu
494 1386 602 1466 igitur
616 1406 661 1450 ex
675 1393 775 1469 parte
789 1388 881 1468 regis
898 1387 1008 1451 nostri
1032 1387 1169 1453 labores

222 1484 358 1548 viarum
378 1491 664 1566 consumpserunt
684 1487 813 1563 nuncii,
828 1494 868 1551 ut
882 1486 1083 1568 dignaretur
1099 1487 1168 1551 Lo-

222 1582 374 1647 dowicus
387 1583 658 1648 satisfactionem
673 1584 867 1649 Thethaldi.
896 1585 962 1650 Ille
975 1605 1071 1662 vero,
1087 1605 1167 1668 par-

222 1682 258 1746 ri
270 1682 401 1745 faciens
416 1702 548 1765 preces,
563 1682 795 1747 Thetbaldum
818 1685 861 1748 ab
882 1685 1073 1766 apostolico
1091 1679 1168 1749 ¹de·

221 1782 335 1846 rotari
360 1781 442 1846 fecit
460 1783 562 1865 quasi
585 1790 807 1864 arrogantem
832 1791 867 1848 et
883 1784 959 1848 Deo
985 1783 1165 1865 rebellem;

220 1881 280 1961 qui
310 1888 438 1963 praeter
465 1881 703 1945 austeritatem
730 1902 876 1960 morum,
901 1902 980 1965 quae
1009 1884 1167 1948 omnihus

220 1979 403 2044 videbatur
419 1980 658 2058 intolerabilis,
672 1981 847 2046 ferebatur
870 1981 1045 2044 dominum
1066 2000 1166 2046 suum

217 2070 229 2108 ²
234 2080 372 2160 privare
385 2079 490 2143 avitis
504 2080 792 2162 possessionibus.
845 2080 971 2162 Itaque
988 2074 1064 2144 ³diu
1085 2100 1166 2163 pro·

101 2261 108 2267 ᾖ
219 2177 332 2242 ductis
355 2179 556 2256 inimicitiis,
573 2198 651 2243 cum
673 2186 818 2261 uterque
832 2198 991 2260 grossum
1006 2185 1166 2258 tumeret,

220 2296 283 2341 nec
298 2278 388 2341 alter
404 2278 505 2341 alteri
520 2271 601 2361 ⁴pro
623 2297 772 2360 persona
794 2278 941 2354 eederet,
959 2278 1165 2342 Lodowicus

220 2373 473 2440 Normanniam
487 2378 596 2454 veuit,
613 2377 778 2440 inflatiori
793 2376 948 2440 anhelitu
962 2376 1034 2440 late
1049 2379 1166 2443 omnia

217 2476 436 2540 exhauriens.
488 2474 755 2541 Nunciabantur
775 2476 852 2541 haec
875 2475 961 2558 regi,
987 2475 1046 2559 qui
1071 2478 1165 2559 apud

218 2575 453 2657 Rotomagum
468 2594 506 2640 se
525 2577 736 2654 continebat,
752 2571 857 2641 ⁵adeo
875 2583 915 2639 ut
930 2575 1057 2657 vulgus
1074 2574 1164 2639 mili-

217 2681 291 2738 tum
305 2694 406 2740 aures
420 2675 496 2759 ejus
510 2676 709 2755 infestaret3
724 2682 902 2759 pateretur
912 2676 1033 2758 repelli
1049 2674 1164 2740 Lodo-

217 2774 354 2851 wieum,
368 2775 541 2838 hominem
566 2775 754 2857 aqualiculi
770 2773 921 2857 pondere
937 2774 1019 2839 olim
1036 2774 1164 2839 lectum

217 2872 404 2951 foventem,
417 2874 478 2936 sed
500 2894 592 2937 nunc
609 2894 672 2956 pro
686 2874 960 2938 dissimulatione
976 2873 1077 2937 minis
1099 2893 1163 2937 au-

217 2992 275 3035 ras
299 2980 509 3037 onerantem.
573 2973 661 3051 Ille,.
675 2974 813 3056 paterni
845 2992 976 3037 memor
1001 2973 1163 3056 exempli,

215 3071 411 3137 fatuitatem
427 3072 555 3137 Franci
577 3072 748 3155 patientia
770 3073 973 3150 extundere,
990 3091 1095 3155 quam
1109 3072 1163 3136 ri·

215 3172 310 3235 ribus
324 3172 502 3255 repellere,
517 3172 679 3236 malebat.
732 3171 933 3250 Quinetiam
952 3172 1078 3235 milites
1103 3172 1163 3237 be·

215 3271 320 3352 nigne
336 3271 543 3354 appellando
559 3271 626 3335 hac
642 3271 777 3335 ratione
792 3271 985 3335 mulcebat:
1010 3270 1092 3334 Non
1103 3271 1163 3335 de-

214 3371 296 3433 here
322 3364 418 3434 ⁶illos
449 3370 568 3434 mirari
596 3371 626 3433 si
649 3370 828 3452 sanguinis
853 3390 970 3433 eorum
997 3369 1163 3452 prodigus

214 3488 291 3533 esse
317 3476 468 3546 caveret,
483 3489 571 3551 quos
592 3471 659 3534 sibi
673 3470 792 3533 fideles
810 3489 879 3533 non
896 3468 1039 3532 modicis
1056 3488 1163 3551 expe-

214 3570 371 3632 rimentis
389 3570 627 3651 approbasset.
680 3569 831 3652 Impium
856 3588 944 3647 esse,
958 3574 1010 3645 ut,
1026 3568 1070 3631 ad
1084 3588 1163 3649 reg-

215 3688 297 3732 num
319 3669 385 3732 sihi
410 3669 613 3752 parandum,
641 3689 758 3734 eorum
786 3668 957 3751 glorietur
981 3666 1161 3745 mortibus,

248 3954 408 4019 wewam]
429 3954 463 4006 A.
477 3956 613 4017 o.13.1..;
630 3955 673 4004 de·
733 3952 829 4016 ⁴Pro.]
855 3950 889 4003 A.
902 3951 931 4003 S.
945 3952 975 4001 C.
992 3950 1027 4001 D.
1046 3951 1101 4001 El.
1114 3950 1162 4014 h.;

210 4028 302 4088 notari,
314 4027 343 4090 S.
352 4027 388 4076 D.
699 4024 803 4074 omitted
813 4024 839 4072 iu
851 4024 875 4072 E
883 4027 906 4073 1.

248 4094 397 4159 ’Paeana
413 4093 448 4146 A.
468 4095 498 4144 C.
517 4094 552 4144 D.
571 4093 604 4143 Ε.
624 4093 673 4153 L.;
735 4091 823 4142 ’Adeo
838 4092 887 4155 ah]
905 4088 938 4141 A.
951 4091 986 4139 D.
1000 4091 1071 4151 El.;
1089 4091 1163 4154 adeo,

211 4167 340 4227 fraudare,
351 4167 381 4215 S.
699 4164 754 4213 El.
766 4163 838 4222 L2.;
855 4162 949 4223 quoad,
959 4161 989 4211 S.
996 4174 1005 4220 ;
1022 4161 1065 4221 ad,
1078 4161 1107 4211 C.

244 4234 256 4267 ³
278 4235 353 4299 Dia]
378 4234 411 4284 A.
424 4234 453 4285 S.
468 4234 611 4285 C.D.E2.
623 4233 674 4290 1..;
734 4229 745 4261 ⁶
764 4232 854 4296 illua]
877 4230 910 4281 A.
932 4231 967 4280 D.
988 4231 1021 4280 Ε.
1041 4230 1089 4293 1..;
1111 4244 1164 4293 eos,

211 4306 315 4356 omitted
325 4307 352 4354 in
364 4306 388 4355 Ε
396 4309 420 4354 l.
701 4303 729 4352 S.
746 4303 776 4352 c.
