3142 5025
179 517 334 599 urant]
412 525 529 581 cusan·
549 533 676 581 aucun
700 533 913 583 oscannum.
1063 519 1129 585 481

180 691 287 768 mihi,'
312 690 414 768 dixit,
445 691 636 756 ‘faciemus
664 693 732 756 Dei
768 693 961 770 servitium,
990 700 1131 777 etpost

179 791 389 872 agitabimus
403 791 580 855 hominum
596 792 770 874 litigium’
811 793 913 856 Hora
923 792 1031 874 igitur
1046 813 1130 858 can-

181 896 268 967 tata,
285 891 382 954 nulla
397 892 599 973 excogitata
615 892 694 957 falsi
711 893 1010 974 tergiversatione,
1033 894 1131 957 nullo

183 996 415 1054 commentato
425 991 498 1055 veri
513 991 706 1074 splendore,
725 992 906 1056 confestim
923 993 1037 1056 aulam
1051 1012 1133 1057 con·

182 1089 252 1152 cilii
280 1090 416 1171 ingredi
442 1092 620 1173 pergebat.
666 1091 746 1156 Suis
772 1111 852 1154 eum
874 1093 1023 1156 retinere
1055 1100 1131 1156 ten-

182 1190 337 1253 tantibus
364 1189 564 1272 persuaderi
587 1210 657 1254 non
688 1192 815 1273 potuit,
843 1193 927 1274 quin
950 1192 1067 1274 potius
1091 1193 1133 1256 ti-

182 1290 354 1352 mentibus
369 1308 504 1353 causae:
521 1289 617 1354 ‘Pro
635 1291 753 1366 certo,’
770 1293 833 1368 ait,
849 1292 1036 1355 ‘noveritis
1050 1291 1134 1355 visi-

181 1388 297 1453 biliter
311 1408 366 1452 me
385 1388 440 1452 hic
457 1389 573 1453 videre
595 1390 715 1454 beatos
735 1390 1012 1473 archiepiscopos
1034 1390 1134 1454 Dun-

182 1495 321 1552 stanum
345 1486 632 1554 Cantuariensem
655 1497 691 1554 et
711 1489 912 1554 Oswaldum
936 1489 1133 1554 Eboracen-

184 1607 268 1664 sem,
284 1588 344 1670 qui
356 1587 470 1665 hodie,
484 1590 556 1652 suis
577 1609 633 1653 me
654 1590 815 1672 precibus
838 1595 988 1666 tuentes,
1001 1588 1134 1654 falsilo-

184 1706 331 1769 quorum
362 1707 506 1751 acumen
533 1688 769 1753 hebetabunt.'
830 1688 889 1753 Ita
918 1688 1002 1752 data
1029 1689 1135 1753 bene·

184 1786 335 1850 dictione
353 1787 544 1865 monacho,
569 1789 720 1852 minimae
750 1787 922 1852 facundiae
955 1788 1042 1865 viro,
1073 1789 1135 1852 sed

185 1885 431 1950 Narmannicae
460 1887 589 1969 linguae
617 1887 736 1965 sciolo,
757 1907 831 1952 rem
855 1906 1021 1970 perorans
1047 1889 1136 1952 obti-

185 1986 273 2062 nuit,
285 1992 327 2048 ut
340 1986 399 2067 qui
415 2004 488 2050 suae
502 1987 660 2051 dioecesis
674 1995 756 2051 ante
769 1987 933 2068 indignus
946 1989 1136 2070 putabatur

184 2084 362 2167 regimine,
390 2087 435 2149 ab
466 2086 723 2169 archiepiscopo
752 2087 902 2150 Eboraci
933 2087 1137 2169 suppliciter
1234 2090 1237 2094 '

185 2191 367 2266 rogaretur
380 2191 421 2249 ut
435 2203 517 2249 suas
532 2185 734 2267 dignaretur
748 2179 1054 2268 lustrare¹partes,
1066 2206 1136 2268 quo

185 2284 260 2367 ipse
281 2303 344 2367 pro
366 2285 489 2349 timore
502 2284 653 2350 hostium
670 2285 726 2349 vel
747 2286 915 2349 sermonis
938 2286 1138 2366 ignorantia

188 2384 335 2447 cavebat
350 2384 523 2448 accedere.

239 2483 348 2567 §304
359 2483 491 2547 Verum
507 2503 572 2566 ego
587 2504 656 2549 non
674 2484 819 2548 ulterius
828 2482 997 2548 lectorum
1010 2501 1137 2565 expec-

186 2583 352 2647 tationem
376 2586 569 2662 macerabo,
585 2585 645 2666 qui
670 2584 745 2648 haec
767 2584 914 2648 forsitan
937 2603 1007 2647 non
1028 2582 1137 2645 liben-
1225 2604 1228 2611 ·

188 2690 241 2746 ter
254 2683 444 2761 intuentur,
475 2685 559 2768 quia
583 2692 683 2765 gesta
704 2684 872 2748 Willelmi
900 2700 1139 2747 successorum

188 2783 454 2865 praestolantur3
481 2772 652 2867 quamvis,
667 2782 735 2847 nisi
747 2803 804 2847 me
820 2784 946 2848 nimius
959 2801 1057 2846 amor
1071 2782 1139 2845 mei

188 2881 290 2960 fallit,
314 2882 401 2947 nulli
424 2885 628 2959 varietatem
653 2883 860 2947 relationum
887 2880 1139 2965 displicituram

188 2982 323 3064 opinor,
346 2982 413 3047 nisi
438 2983 571 3066 siquis
597 2989 671 3046 tam
695 2982 834 3045 nubilus
859 2990 913 3047 est
934 2990 974 3047 ut
992 2980 1139 3044 Catonis

188 3082 409 3164 supercilium
440 3082 629 3146 aemuletur.
687 3082 756 3146 Sed
787 3081 858 3146 alia
884 3082 921 3144 in
950 3088 1076 3163 quarto
1104 3087 1140 3145 et

188 3180 310 3262 quinto
341 3181 429 3245 libro
456 3183 520 3266 qui·
542 3181 637 3245 volet
663 3182 871 3264 experietur,
900 3200 981 3244 nam
1015 3180 1139 3244 tertius

190 3279 342 3343 debitum
356 3281 515 3363 agnoscit
531 3273 699 3344 'modum

227 3517 359 3580 'Portea.]
377 3517 423 3577 ἃς
448 3515 552 3566 omitted
574 3517 600 3564 in
619 3514 652 3565 A.
678 3510 746 3564 dum’
758 3514 857 3563 follows
868 3514 910 3563 tlre
921 3514 1142 3576 dedicator-yepir·

192 3590 221 3639 C.
234 3589 269 3638 D.
281 3589 313 3637 Ε.
325 3588 357 3636 L.
678 3585 713 3633 tle
724 3584 754 3634 oi
767 3584 810 3633 the
821 3583 922 3633 Autbor
937 3589 963 3632 to
974 3584 1142 3633 RobertEarl

678 3654 707 3703 οἰ
714 3654 875 3714 Gloueester,
886 3653 976 3713 placed
988 3657 1015 3702 at
1022 3654 1064 3703 the
1075 3668 1142 3702 com·

226 3722 238 3756 ²
248 3719 371 3794 Modum]
383 3726 415 3775 In
424 3726 458 3776 D.
467 3725 500 3776 Ε.
511 3724 576 3773 alter
586 3724 654 3773 ‘mo-
677 3726 833 3773 meneement
842 3722 872 3772 of
879 3721 978 3772 volume
988 3736 1008 3772 1.
