<?xml version="1.0" encoding="UTF-8"?>
<!DOCTYPE html PUBLIC "-//W3C//DTD XHTML 1.0 Transitional//EN"
    "http://www.w3.org/TR/xhtml1/DTD/xhtml1-transitional.dtd">
<html xmlns="http://www.w3.org/1999/xhtml" xml:lang="en" lang="en">
 <head>
  <title>
</title>
<meta http-equiv="Content-Type" content="text/html;charset=utf-8" />
  <meta name='ocr-system' content='tesseract 3.04.00' />
  <meta name='ocr-capabilities' content='ocr_page ocr_carea ocr_par ocr_line ocrx_word'/>
</head>
<body>
  <div class='ocr_page' id='page_1' title='image "./willelmimalmesb01willgoog_0162.png"; bbox 0 0 3142 5025; ppageno 0'>
   <div class='ocr_carea' id='block_1_1' title="bbox 175 538 1125 620">
    <p class='ocr_par' dir='ltr' id='par_1_1' title="bbox 175 538 1125 620">
     <span class='ocr_line' id='line_1_1' title="bbox 175 538 1125 620; baseline 0.003 -19"><span class='ocrx_word' id='word_1_1' title='bbox 175 538 326 620; x_wconf 81' lang='lat' dir='ltr'><strong>nra.rv.]</strong></span> <span class='ocrx_word' id='word_1_2' title='bbox 401 555 665 603; x_wconf 69' lang='lat' dir='ltr'><strong>onsruanouu</strong></span> <span class='ocrx_word' id='word_1_3' title='bbox 691 554 908 602; x_wconf 74' lang='lat' dir='ltr'><strong>nuocoauru.</strong></span> <span class='ocrx_word' id='word_1_4' title='bbox 1060 540 1125 604; x_wconf 78' lang='grc'><strong>519</strong></span> 
     </span>
    </p>
   </div>
   <div class='ocr_carea' id='block_1_2' title="bbox 170 710 1126 2885">
    <p class='ocr_par' dir='ltr' id='par_1_2' title="bbox 170 710 1126 2885">
     <span class='ocr_line' id='line_1_2' title="bbox 173 710 1123 794; baseline 0 -18"><span class='ocrx_word' id='word_1_5' title='bbox 173 721 267 777; x_wconf 87' lang='lat' dir='ltr'><strong>terea</strong></span> <span class='ocrx_word' id='word_1_6' title='bbox 289 712 381 794; x_wconf 89' lang='lat' dir='ltr'><strong>apud</strong></span> <span class='ocrx_word' id='word_1_7' title='bbox 402 711 570 777; x_wconf 80' lang='lat' dir='ltr'><strong>&#39;fhetford</strong></span> <span class='ocrx_word' id='word_1_8' title='bbox 594 711 780 774; x_wconf 89' lang='lat' dir='ltr'><strong>monachos</strong></span> <span class='ocrx_word' id='word_1_9' title='bbox 799 710 1046 776; x_wconf 85' lang='lat' dir='ltr'><strong>Cluniacenses</strong></span> <span class='ocrx_word' id='word_1_10' title='bbox 1069 713 1123 776; x_wconf 92' lang='lat' dir='ltr'><strong>in-</strong></span> 
     </span>
     <span class='ocr_line' id='line_1_3' title="bbox 172 811 1125 894; baseline 0.001 -19"><span class='ocrx_word' id='word_1_11' title='bbox 172 813 298 889; x_wconf 79' lang='lat' dir='ltr'><strong>stituit,</strong></span> <span class='ocrx_word' id='word_1_12' title='bbox 314 813 405 894; x_wconf 93' lang='lat' dir='ltr'><strong>quod</strong></span> <span class='ocrx_word' id='word_1_13' title='bbox 428 813 498 876; x_wconf 91' lang='lat' dir='ltr'><strong>sint</strong></span> <span class='ocrx_word' id='word_1_14' title='bbox 516 812 608 876; x_wconf 90' lang='lat' dir='ltr'><strong>illius</strong></span> <span class='ocrx_word' id='word_1_15' title='bbox 631 811 780 874; x_wconf 87' lang='lat' dir='ltr'><strong>coenobii</strong></span> <span class='ocrx_word' id='word_1_16' title='bbox 806 811 1030 893; x_wconf 79' lang='lat' dir='ltr'><strong>professores,</strong></span> <span class='ocrx_word' id='word_1_17' title='bbox 1046 813 1125 876; x_wconf 91' lang='lat' dir='ltr'><strong>ubi-·</strong></span> 
     </span>
     <span class='ocr_line' id='line_1_4' title="bbox 174 911 1120 995; baseline 0.002 -20"><span class='ocrx_word' id='word_1_18' title='bbox 174 933 239 995; x_wconf 92' lang='lat' dir='ltr'><strong>que</strong></span> <span class='ocrx_word' id='word_1_19' title='bbox 263 933 350 995; x_wconf 92' lang='lat' dir='ltr'><strong>pene</strong></span> <span class='ocrx_word' id='word_1_20' title='bbox 372 913 526 994; x_wconf 78' lang='lat' dir='ltr'><strong>gentium</strong></span> <span class='ocrx_word' id='word_1_21' title='bbox 552 911 709 993; x_wconf 90' lang='lat' dir='ltr'><strong>dispersi,</strong></span> <span class='ocrx_word' id='word_1_22' title='bbox 729 911 918 992; x_wconf 87' lang='lat' dir='ltr'><strong>locupletes</strong></span> <span class='ocrx_word' id='word_1_23' title='bbox 943 912 977 974; x_wconf 92' lang='lat' dir='ltr'><strong>in</strong></span> <span class='ocrx_word' id='word_1_24' title='bbox 1003 913 1120 977; x_wconf 91' lang='lat' dir='ltr'><strong>seculo</strong></span> 
     </span>
     <span class='ocr_line' id='line_1_5' title="bbox 174 1009 1120 1094; baseline 0 -19"><span class='ocrx_word' id='word_1_25' title='bbox 174 1021 209 1076; x_wconf 91' lang='lat' dir='ltr'><strong>et</strong></span> <span class='ocrx_word' id='word_1_26' title='bbox 242 1011 528 1094; x_wconf 69' lang='lat' dir='ltr'><strong>splendidissimae</strong></span> <span class='ocrx_word' id='word_1_27' title='bbox 563 1010 739 1091; x_wconf 81' lang='lat' dir='ltr'><strong>religionis</strong></span> <span class='ocrx_word' id='word_1_28' title='bbox 771 1009 807 1072; x_wconf 87' lang='lat' dir='ltr'><strong>in</strong></span> <span class='ocrx_word' id='word_1_29' title='bbox 836 1012 925 1075; x_wconf 87' lang='lat' dir='ltr'><strong>Deo.</strong></span> <span class='ocrx_word' id='word_1_30' title='bbox 979 1011 1120 1092; x_wconf 78' lang='lat' dir='ltr'><strong>Ingenti</strong></span> 
     </span>
     <span class='ocr_line' id='line_1_6' title="bbox 174 1110 1126 1192; baseline -0.006 -16"><span class='ocrx_word' id='word_1_31' title='bbox 174 1123 256 1192; x_wconf 83' lang='lat' dir='ltr'><strong>ergo</strong></span> <span class='ocrx_word' id='word_1_32' title='bbox 283 1119 318 1174; x_wconf 88' lang='lat' dir='ltr'><strong>et</strong></span> <span class='ocrx_word' id='word_1_33' title='bbox 343 1130 525 1175; x_wconf 90' lang='lat' dir='ltr'><strong>numerosa</strong></span> <span class='ocrx_word' id='word_1_34' title='bbox 542 1110 708 1175; x_wconf 87' lang='lat' dir='ltr'><strong>virtutum</strong></span> <span class='ocrx_word' id='word_1_35' title='bbox 730 1110 846 1190; x_wconf 83' lang='lat' dir='ltr'><strong>gratia</strong></span> <span class='ocrx_word' id='word_1_36' title='bbox 868 1112 1126 1192; x_wconf 85' lang='lat' dir='ltr'><strong>praeteritarum.</strong></span> 
     </span>
     <span class='ocr_line' id='line_1_7' title="bbox 174 1209 1123 1288; baseline 0.003 -14"><span class='ocrx_word' id='word_1_37' title='bbox 174 1211 380 1274; x_wconf 79' lang='lat' dir='ltr'><strong>offensarum</strong></span> <span class='ocrx_word' id='word_1_38' title='bbox 403 1211 526 1273; x_wconf 90' lang='lat' dir='ltr'><strong>molem</strong></span> <span class='ocrx_word' id='word_1_39' title='bbox 549 1209 788 1288; x_wconf 84' lang='lat' dir='ltr'><strong>obumbravit3</strong></span> <span class='ocrx_word' id='word_1_40' title='bbox 812 1210 1069 1274; x_wconf 84' lang='lat' dir='ltr'><strong>disertitudinis.</strong></span> <span class='ocrx_word' id='word_1_41' title='bbox 1084 1219 1123 1277; x_wconf 90' lang='lat' dir='ltr'><strong>et·</strong></span> 
     </span>
     <span class='ocr_line' id='line_1_8' title="bbox 174 1309 1119 1392; baseline 0.002 -20"><span class='ocrx_word' id='word_1_42' title='bbox 174 1311 350 1373; x_wconf 89' lang='lat' dir='ltr'><strong>literarum</strong></span> <span class='ocrx_word' id='word_1_43' title='bbox 365 1311 476 1392; x_wconf 90' lang='lat' dir='ltr'><strong>copia,</strong></span> <span class='ocrx_word' id='word_1_44' title='bbox 494 1329 557 1372; x_wconf 88' lang='lat' dir='ltr'><strong>nec</strong></span> <span class='ocrx_word' id='word_1_45' title='bbox 569 1309 681 1372; x_wconf 89' lang='lat' dir='ltr'><strong>minus</strong></span> <span class='ocrx_word' id='word_1_46' title='bbox 702 1309 906 1373; x_wconf 84' lang='lat' dir='ltr'><strong>secularium</strong></span> <span class='ocrx_word' id='word_1_47' title='bbox 923 1329 1035 1372; x_wconf 88' lang='lat' dir='ltr'><strong>rerum</strong></span> <span class='ocrx_word' id='word_1_48' title='bbox 1058 1331 1119 1392; x_wconf 89' lang='lat' dir='ltr'><strong>pe-</strong></span> 
     </span>
     <span class='ocr_line' id='line_1_9' title="bbox 173 1408 1117 1492; baseline 0.003 -21"><span class='ocrx_word' id='word_1_49' title='bbox 173 1410 265 1486; x_wconf 89' lang='lat' dir='ltr'><strong>ritia,</strong></span> <span class='ocrx_word' id='word_1_50' title='bbox 291 1409 458 1473; x_wconf 84' lang='lat' dir='ltr'><strong>Romanae</strong></span> <span class='ocrx_word' id='word_1_51' title='bbox 486 1428 625 1492; x_wconf 91' lang='lat' dir='ltr'><strong>quoque</strong></span> <span class='ocrx_word' id='word_1_52' title='bbox 645 1409 841 1473; x_wconf 87' lang='lat' dir='ltr'><strong>celsitudini</strong></span> <span class='ocrx_word' id='word_1_53' title='bbox 867 1408 1117 1491; x_wconf 86' lang='lat' dir='ltr'><strong>suspiciendus.</strong></span> 
     </span>
     <span class='ocr_line' id='line_1_10' title="bbox 175 1508 1117 1594; baseline 0.001 -23"><span class='ocrx_word' id='word_1_54' title='bbox 175 1509 324 1591; x_wconf 88' lang='lat' dir='ltr'><strong>Fuitque</strong></span> <span class='ocrx_word' id='word_1_55' title='bbox 340 1508 534 1573; x_wconf 87' lang='lat' dir='ltr'><strong>Herbertus</strong></span> <span class='ocrx_word' id='word_1_56' title='bbox 555 1516 721 1585; x_wconf 78' lang='lat' dir='ltr'><strong>mutatuS,</strong></span> <span class='ocrx_word' id='word_1_57' title='bbox 738 1509 796 1594; x_wconf 88' lang='lat' dir='ltr'><strong>(ut</strong></span> <span class='ocrx_word' id='word_1_58' title='bbox 810 1509 972 1573; x_wconf 91' lang='lat' dir='ltr'><strong>Lucanus</strong></span> <span class='ocrx_word' id='word_1_59' title='bbox 988 1509 1030 1572; x_wconf 89' lang='lat' dir='ltr'><strong>de</strong></span> <span class='ocrx_word' id='word_1_60' title='bbox 1047 1509 1117 1573; x_wconf 88' lang='lat' dir='ltr'><strong>Cu·</strong></span> 
     </span>
     <span class='ocr_line' id='line_1_11' title="bbox 171 1606 1118 1692; baseline 0.002 -20"><span class='ocrx_word' id='word_1_61' title='bbox 171 1609 268 1672; x_wconf 91' lang='lat' dir='ltr'><strong>rione</strong></span> <span class='ocrx_word' id='word_1_62' title='bbox 281 1606 401 1692; x_wconf 71' lang='lat' dir='ltr'><strong>dixit)</strong></span> <span class='ocrx_word' id='word_1_63' title='bbox 414 1614 425 1642; x_wconf 89' lang='lat'>‘</span> <span class='ocrx_word' id='word_1_64' title='bbox 438 1615 648 1672; x_wconf 87' lang='lat' dir='ltr'><strong>momentum</strong></span> <span class='ocrx_word' id='word_1_65' title='bbox 659 1616 694 1672; x_wconf 89' lang='lat' dir='ltr'><strong>et</strong></span> <span class='ocrx_word' id='word_1_66' title='bbox 704 1609 852 1672; x_wconf 87' lang='lat' dir='ltr'><strong>mutatio</strong></span> <span class='ocrx_word' id='word_1_67' title='bbox 867 1628 980 1672; x_wconf 90' lang='lat' dir='ltr'><strong>rerum</strong></span> <span class='ocrx_word' id='word_1_68' title='bbox 993 1609 1014 1672; x_wconf 86' lang='lat'><strong>:&#39;</strong></span> <span class='ocrx_word' id='word_1_69' title='bbox 1028 1609 1118 1674; x_wconf 87' lang='lat' dir='ltr'><strong>sicut</strong></span> 
     </span>
     <span class='ocr_line' id='line_1_12' title="bbox 172 1707 1116 1791; baseline 0.001 -20"><span class='ocrx_word' id='word_1_70' title='bbox 172 1715 325 1790; x_wconf 87' lang='lat' dir='ltr'><strong>tempore</strong></span> <span class='ocrx_word' id='word_1_71' title='bbox 341 1709 442 1772; x_wconf 90' lang='lat' dir='ltr'><strong>istius</strong></span> <span class='ocrx_word' id='word_1_72' title='bbox 460 1709 552 1790; x_wconf 82' lang='lat' dir='ltr'><strong>regis</strong></span> <span class='ocrx_word' id='word_1_73' title='bbox 568 1708 734 1791; x_wconf 75' lang='lat' dir='ltr'><strong>symoniae</strong></span> <span class='ocrx_word' id='word_1_74' title='bbox 752 1708 960 1784; x_wconf 90' lang='lat' dir='ltr'><strong>causidicus,</strong></span> <span class='ocrx_word' id='word_1_75' title='bbox 973 1707 1024 1772; x_wconf 86' lang='lat' dir='ltr'><strong>ita</strong></span> <span class='ocrx_word' id='word_1_76' title='bbox 1036 1729 1116 1790; x_wconf 91' lang='lat' dir='ltr'><strong>pos·</strong></span> 
     </span>
     <span class='ocr_line' id='line_1_13' title="bbox 172 1807 1118 1890; baseline 0.003 -20"><span class='ocrx_word' id='word_1_77' title='bbox 172 1808 278 1882; x_wconf 80' lang='lat' dir='ltr'><strong>terius</strong></span> <span class='ocrx_word' id='word_1_78' title='bbox 302 1809 523 1890; x_wconf 84' lang='lat' dir='ltr'><strong>propulsator</strong></span> <span class='ocrx_word' id='word_1_79' title='bbox 544 1808 705 1885; x_wconf 89' lang='lat' dir='ltr'><strong>invictus,</strong></span> <span class='ocrx_word' id='word_1_80' title='bbox 729 1827 841 1890; x_wconf 90' lang='lat' dir='ltr'><strong>neque</strong></span> <span class='ocrx_word' id='word_1_81' title='bbox 869 1810 913 1871; x_wconf 91' lang='lat' dir='ltr'><strong>ab</strong></span> <span class='ocrx_word' id='word_1_82' title='bbox 941 1807 1018 1873; x_wconf 84' lang='lat' dir='ltr'><strong>aliis</strong></span> <span class='ocrx_word' id='word_1_83' title='bbox 1043 1808 1118 1873; x_wconf 89' lang='lat' dir='ltr'><strong>fieri</strong></span> 
     </span>
     <span class='ocr_line' id='line_1_14' title="bbox 173 1907 1119 1990; baseline 0.002 -20"><span class='ocrx_word' id='word_1_84' title='bbox 173 1907 283 1970; x_wconf 83' lang='lat' dir='ltr'><strong>voluit</strong></span> <span class='ocrx_word' id='word_1_85' title='bbox 299 1908 391 1990; x_wconf 92' lang='lat' dir='ltr'><strong>quod</strong></span> <span class='ocrx_word' id='word_1_86' title='bbox 408 1927 430 1970; x_wconf 91' lang='lat' dir='ltr'><strong>a</strong></span> <span class='ocrx_word' id='word_1_87' title='bbox 449 1927 487 1971; x_wconf 91' lang='lat' dir='ltr'><strong>se</strong></span> <span class='ocrx_word' id='word_1_88' title='bbox 510 1915 758 1990; x_wconf 84' lang='lat' dir='ltr'><strong>praesumptum</strong></span> <span class='ocrx_word' id='word_1_89' title='bbox 780 1908 955 1989; x_wconf 84' lang='lat' dir='ltr'><strong>quondam</strong></span> <span class='ocrx_word' id='word_1_90' title='bbox 970 1907 1119 1990; x_wconf 87' lang='lat' dir='ltr'><strong>juvenili</strong></span> 
     </span>
     <span class='ocr_line' id='line_1_15' title="bbox 171 2005 1116 2090; baseline 0.003 -22"><span class='ocrx_word' id='word_1_91' title='bbox 171 2005 306 2070; x_wconf 79' lang='lat' dir='ltr'><strong>fervore</strong></span> <span class='ocrx_word' id='word_1_92' title='bbox 322 2007 489 2085; x_wconf 89' lang='lat' dir='ltr'><strong>indoluit;</strong></span> <span class='ocrx_word' id='word_1_93' title='bbox 512 2027 585 2089; x_wconf 85' lang='lat' dir='ltr'><strong>prae</strong></span> <span class='ocrx_word' id='word_1_94' title='bbox 605 2027 643 2070; x_wconf 90' lang='lat' dir='ltr'><strong>se</strong></span> <span class='ocrx_word' id='word_1_95' title='bbox 660 2026 805 2090; x_wconf 90' lang='lat' dir='ltr'><strong>semper,</strong></span> <span class='ocrx_word' id='word_1_96' title='bbox 821 2015 861 2070; x_wconf 89' lang='lat' dir='ltr'><strong>ut</strong></span> <span class='ocrx_word' id='word_1_97' title='bbox 876 2007 986 2082; x_wconf 89' lang='lat' dir='ltr'><strong>aiunt,</strong></span> <span class='ocrx_word' id='word_1_98' title='bbox 1002 2006 1116 2071; x_wconf 87' lang='lat' dir='ltr'><strong>ferens</strong></span> 
     </span>
     <span class='ocr_line' id='line_1_16' title="bbox 172 2105 1117 2190; baseline 0.003 -23"><span class='ocrx_word' id='word_1_99' title='bbox 172 2105 346 2188; x_wconf 90' lang='lat' dir='ltr'><strong>Ieronymi</strong></span> <span class='ocrx_word' id='word_1_100' title='bbox 356 2106 722 2184; x_wconf 86' lang='lat' dir='ltr'><strong>dictum,‘Erravimus</strong></span> <span class='ocrx_word' id='word_1_101' title='bbox 727 2109 888 2190; x_wconf 89' lang='lat' dir='ltr'><strong>juvenes,</strong></span> <span class='ocrx_word' id='word_1_102' title='bbox 898 2106 1117 2170; x_wconf 85' lang='lat' dir='ltr'><strong>emendemus</strong></span> 
     </span>
     <span class='ocr_line' id='line_1_17' title="bbox 171 2205 1116 2288; baseline 0 -20"><span class='ocrx_word' id='word_1_103' title='bbox 171 2207 293 2268; x_wconf 90' lang='lat' dir='ltr'><strong>senes.’</strong></span> <span class='ocrx_word' id='word_1_104' title='bbox 357 2206 538 2271; x_wconf 88' lang='lat' dir='ltr'><strong>Postremo</strong></span> <span class='ocrx_word' id='word_1_105' title='bbox 568 2207 646 2288; x_wconf 90' lang='lat' dir='ltr'><strong>quis</strong></span> <span class='ocrx_word' id='word_1_106' title='bbox 678 2207 712 2268; x_wconf 93' lang='lat' dir='ltr'><strong>in</strong></span> <span class='ocrx_word' id='word_1_107' title='bbox 741 2206 835 2269; x_wconf 90' lang='lat' dir='ltr'><strong>illius</strong></span> <span class='ocrx_word' id='word_1_108' title='bbox 868 2205 953 2270; x_wconf 86' lang='lat' dir='ltr'><strong>facti</strong></span> <span class='ocrx_word' id='word_1_109' title='bbox 979 2206 1116 2270; x_wconf 89' lang='lat' dir='ltr'><strong>laudem</strong></span> 
     </span>
     <span class='ocr_line' id='line_1_18' title="bbox 171 2303 1117 2387; baseline 0.001 -20"><span class='ocrx_word' id='word_1_110' title='bbox 171 2303 275 2385; x_wconf 81' lang='lat' dir='ltr'><strong>digne</strong></span> <span class='ocrx_word' id='word_1_111' title='bbox 298 2313 434 2387; x_wconf 85' lang='lat' dir='ltr'><strong>pergat,</strong></span> <span class='ocrx_word' id='word_1_112' title='bbox 448 2306 540 2387; x_wconf 89' lang='lat' dir='ltr'><strong>quod</strong></span> <span class='ocrx_word' id='word_1_113' title='bbox 559 2314 629 2369; x_wconf 89' lang='lat' dir='ltr'><strong>tam</strong></span> <span class='ocrx_word' id='word_1_114' title='bbox 647 2305 761 2370; x_wconf 91' lang='lat' dir='ltr'><strong>nobile</strong></span> <span class='ocrx_word' id='word_1_115' title='bbox 777 2305 1023 2368; x_wconf 85' lang='lat' dir='ltr'><strong>monasterium</strong></span> <span class='ocrx_word' id='word_1_116' title='bbox 1045 2307 1117 2386; x_wconf 89' lang='lat' dir='ltr'><strong>epi-</strong></span> 
     </span>
     <span class='ocr_line' id='line_1_19' title="bbox 170 2403 1116 2486; baseline 0.002 -20"><span class='ocrx_word' id='word_1_117' title='bbox 170 2423 297 2485; x_wconf 88' lang='lat' dir='ltr'><strong>scopus</strong></span> <span class='ocrx_word' id='word_1_118' title='bbox 328 2425 396 2468; x_wconf 90' lang='lat' dir='ltr'><strong>non</strong></span> <span class='ocrx_word' id='word_1_119' title='bbox 425 2406 572 2469; x_wconf 91' lang='lat' dir='ltr'><strong>multum</strong></span> <span class='ocrx_word' id='word_1_120' title='bbox 594 2405 803 2486; x_wconf 86' lang='lat' dir='ltr'><strong>pecuniosus</strong></span> <span class='ocrx_word' id='word_1_121' title='bbox 826 2403 967 2481; x_wconf 78' lang='lat' dir='ltr'><strong>fecerit3</strong></span> <span class='ocrx_word' id='word_1_122' title='bbox 994 2404 1030 2466; x_wconf 92' lang='lat' dir='ltr'><strong>in</strong></span> <span class='ocrx_word' id='word_1_123' title='bbox 1046 2423 1116 2485; x_wconf 90' lang='lat' dir='ltr'><strong>quo</strong></span> 
     </span>
     <span class='ocr_line' id='line_1_20' title="bbox 171 2503 1116 2581; baseline 0.001 -15"><span class='ocrx_word' id='word_1_124' title='bbox 171 2503 256 2567; x_wconf 90' lang='lat' dir='ltr'><strong>nihil</strong></span> <span class='ocrx_word' id='word_1_125' title='bbox 279 2504 408 2569; x_wconf 82' lang='lat' dir='ltr'><strong>frustra</strong></span> <span class='ocrx_word' id='word_1_126' title='bbox 430 2505 614 2581; x_wconf 89' lang='lat' dir='ltr'><strong>desideres,</strong></span> <span class='ocrx_word' id='word_1_127' title='bbox 630 2504 685 2569; x_wconf 88' lang='lat' dir='ltr'><strong>vel</strong></span> <span class='ocrx_word' id='word_1_128' title='bbox 710 2503 746 2567; x_wconf 93' lang='lat' dir='ltr'><strong>in</strong></span> <span class='ocrx_word' id='word_1_129' title='bbox 772 2503 993 2569; x_wconf 84' lang='lat' dir='ltr'><strong>aedificiorum</strong></span> <span class='ocrx_word' id='word_1_130' title='bbox 1009 2505 1116 2569; x_wconf 87' lang='lat' dir='ltr'><strong>subli-</strong></span> 
     </span>
     <span class='ocr_line' id='line_1_21' title="bbox 171 2602 1115 2687; baseline 0 -20"><span class='ocrx_word' id='word_1_131' title='bbox 171 2604 276 2668; x_wconf 86' lang='lat' dir='ltr'><strong>mium</strong></span> <span class='ocrx_word' id='word_1_132' title='bbox 290 2606 416 2687; x_wconf 91' lang='lat' dir='ltr'><strong>specie,</strong></span> <span class='ocrx_word' id='word_1_133' title='bbox 430 2605 487 2670; x_wconf 87' lang='lat' dir='ltr'><strong>vel</strong></span> <span class='ocrx_word' id='word_1_134' title='bbox 503 2606 539 2668; x_wconf 91' lang='lat' dir='ltr'><strong>in</strong></span> <span class='ocrx_word' id='word_1_135' title='bbox 556 2612 835 2669; x_wconf 77' lang='lat' dir='ltr'><strong>ornamentorum</strong></span> <span class='ocrx_word' id='word_1_136' title='bbox 851 2602 1115 2686; x_wconf 88' lang='lat' dir='ltr'><strong>pulchritudine,</strong></span> 
     </span>
     <span class='ocr_line' id='line_1_22' title="bbox 170 2703 1117 2786; baseline 0 -18"><span class='ocrx_word' id='word_1_137' title='bbox 170 2703 227 2768; x_wconf 87' lang='lat' dir='ltr'><strong>vel</strong></span> <span class='ocrx_word' id='word_1_138' title='bbox 241 2705 279 2767; x_wconf 93' lang='lat' dir='ltr'><strong>in</strong></span> <span class='ocrx_word' id='word_1_139' title='bbox 295 2705 541 2769; x_wconf 91' lang='lat' dir='ltr'><strong>monachorum</strong></span> <span class='ocrx_word' id='word_1_140' title='bbox 556 2704 734 2786; x_wconf 82' lang='lat' dir='ltr'><strong>religione,</strong></span> <span class='ocrx_word' id='word_1_141' title='bbox 749 2711 784 2767; x_wconf 87' lang='lat' dir='ltr'><strong>et</strong></span> <span class='ocrx_word' id='word_1_142' title='bbox 802 2703 846 2766; x_wconf 93' lang='lat' dir='ltr'><strong>ad</strong></span> <span class='ocrx_word' id='word_1_143' title='bbox 860 2721 979 2768; x_wconf 87' lang='lat' dir='ltr'><strong>omnes</strong></span> <span class='ocrx_word' id='word_1_144' title='bbox 995 2704 1117 2769; x_wconf 85' lang='lat' dir='ltr'><strong>sedula</strong></span> 
     </span>
     <span class='ocr_line' id='line_1_23' title="bbox 170 2802 1114 2885; baseline 0.002 -20"><span class='ocrx_word' id='word_1_145' title='bbox 170 2802 365 2868; x_wconf 69' lang='lat' dir='ltr'><strong>charitate?</strong></span> <span class='ocrx_word' id='word_1_146' title='bbox 418 2804 507 2867; x_wconf 87' lang='lat' dir='ltr'><strong>Haec</strong></span> <span class='ocrx_word' id='word_1_147' title='bbox 522 2811 557 2867; x_wconf 90' lang='lat' dir='ltr'><strong>et</strong></span> <span class='ocrx_word' id='word_1_148' title='bbox 575 2805 690 2868; x_wconf 88' lang='lat' dir='ltr'><strong>vivum</strong></span> <span class='ocrx_word' id='word_1_149' title='bbox 709 2823 770 2885; x_wconf 88' lang='lat' dir='ltr'><strong>spe</strong></span> <span class='ocrx_word' id='word_1_150' title='bbox 796 2802 888 2867; x_wconf 79' lang='lat' dir='ltr'><strong>felici</strong></span> <span class='ocrx_word' id='word_1_151' title='bbox 906 2804 1114 2885; x_wconf 78' lang='lat' dir='ltr'><strong>palpabant3</strong></span> 
     </span>
    </p>
   </div>
   <div class='ocr_carea' id='block_1_3' title="bbox 170 2902 1118 3067">
    <p class='ocr_par' dir='ltr' id='par_1_3' title="bbox 170 2902 1118 3067">
     <span class='ocr_line' id='line_1_24' title="bbox 170 2902 1118 2991; baseline 0.005 -26"><span class='ocrx_word' id='word_1_152' title='bbox 170 2909 205 2965; x_wconf 90' lang='lat' dir='ltr'><strong>et</strong></span> <span class='ocrx_word' id='word_1_153' title='bbox 219 2902 430 2981; x_wconf 82' lang='lat' dir='ltr'><strong>defunctum,</strong></span> <span class='ocrx_word' id='word_1_154' title='bbox 444 2904 474 2991; x_wconf 89' lang='lat' dir='ltr'><strong>si</strong></span> <span class='ocrx_word' id='word_1_155' title='bbox 491 2923 560 2967; x_wconf 91' lang='lat' dir='ltr'><strong>non</strong></span> <span class='ocrx_word' id='word_1_156' title='bbox 571 2922 662 2967; x_wconf 88' lang='lat' dir='ltr'><strong>vana</strong></span> <span class='ocrx_word' id='word_1_157' title='bbox 677 2903 762 2967; x_wconf 89' lang='lat' dir='ltr'><strong>fides</strong></span> <span class='ocrx_word' id='word_1_158' title='bbox 777 2902 1003 2984; x_wconf 69' lang='lat' dir='ltr'><strong>poenitentiae,</strong></span> <span class='ocrx_word' id='word_1_159' title='bbox 1014 2922 1118 2985; x_wconf 85' lang='lat' dir='ltr'><strong>super</strong></span> 
     </span>
     <span class='ocr_line' id='line_1_25' title="bbox 173 3002 485 3067; baseline 0.006 -2"><span class='ocrx_word' id='word_1_160' title='bbox 173 3002 305 3067; x_wconf 85' lang='lat' dir='ltr'><strong>aetbera</strong></span> <span class='ocrx_word' id='word_1_161' title='bbox 322 3004 485 3067; x_wconf 87' lang='lat' dir='ltr'><strong>tulerunt.</strong></span> 
     </span>
    </p>
   </div>
   <div class='ocr_carea' id='block_1_4' title="bbox 250 3192 1045 3241">
    <p class='ocr_par' dir='ltr' id='par_1_4' title="bbox 250 3192 1045 3241">
     <span class='ocr_line' id='line_1_26' title="bbox 250 3192 1045 3241; baseline 0.003 -4"><span class='ocrx_word' id='word_1_162' title='bbox 250 3192 295 3238; x_wconf 89' lang='lat' dir='ltr'><strong>DE</strong></span> <span class='ocrx_word' id='word_1_163' title='bbox 318 3192 486 3240; x_wconf 78' lang='lat' dir='ltr'><strong>JOHANNR</strong></span> <span class='ocrx_word' id='word_1_164' title='bbox 511 3192 677 3240; x_wconf 69' lang='lat' dir='ltr'><strong>Episcopo</strong></span> <span class='ocrx_word' id='word_1_165' title='bbox 702 3194 816 3239; x_wconf 85' lang='lat' dir='ltr'><strong>PRIMO</strong></span> <span class='ocrx_word' id='word_1_166' title='bbox 839 3193 1045 3241; x_wconf 82' lang='lat' dir='ltr'><strong>BATHONIAE.</strong></span> 
     </span>
    </p>
   </div>
   <div class='ocr_carea' id='block_1_5' title="bbox 168 3297 1269 4174">
    <p class='ocr_par' dir='ltr' id='par_1_5' title="bbox 168 3297 1269 4174">
     <span class='ocr_line' id='line_1_27' title="bbox 222 3297 1269 3383; baseline 0.007 -21"><span class='ocrx_word' id='word_1_167' title='bbox 222 3297 239 3381; x_wconf 85' lang='lat'>§</span> <span class='ocrx_word' id='word_1_168' title='bbox 256 3298 332 3362; x_wconf 88' lang='grc'><strong>340.</strong></span> <span class='ocrx_word' id='word_1_169' title='bbox 347 3298 371 3362; x_wconf 85' lang='lat' dir='ltr'>J</span> <span class='ocrx_word' id='word_1_170' title='bbox 373 3299 525 3364; x_wconf 88' lang='lat' dir='ltr'><strong>ohannes</strong></span> <span class='ocrx_word' id='word_1_171' title='bbox 543 3306 618 3363; x_wconf 87' lang='lat' dir='ltr'><strong>erat</strong></span> <span class='ocrx_word' id='word_1_172' title='bbox 633 3298 820 3363; x_wconf 90' lang='lat' dir='ltr'><strong>Wellensis</strong></span> <span class='ocrx_word' id='word_1_173' title='bbox 843 3300 1035 3383; x_wconf 90' lang='lat' dir='ltr'><strong>episcopus,</strong></span> <span class='ocrx_word' id='word_1_174' title='bbox 1052 3321 1115 3365; x_wconf 81' lang='lat' dir='ltr'><strong>na·</strong></span> <span class='ocrx_word' id='word_1_175' title='bbox 1129 3319 1269 3369; x_wconf 71' lang='lat' dir='ltr'><strong>sonuum</strong></span> 
     </span>
     <span class='ocr_line' id='line_1_28' title="bbox 168 3370 1221 3481; baseline 0.005 -22"><span class='ocrx_word' id='word_1_176' title='bbox 168 3397 265 3462; x_wconf 92' lang='lat' dir='ltr'><strong>tione</strong></span> <span class='ocrx_word' id='word_1_177' title='bbox 279 3398 494 3479; x_wconf 84' lang='lat' dir='ltr'><strong>Turonicns;</strong></span> <span class='ocrx_word' id='word_1_178' title='bbox 510 3418 588 3474; x_wconf 89' lang='lat' dir='ltr'><strong>usu,</strong></span> <span class='ocrx_word' id='word_1_179' title='bbox 603 3418 671 3463; x_wconf 93' lang='lat' dir='ltr'><strong>non</strong></span> <span class='ocrx_word' id='word_1_180' title='bbox 685 3399 805 3476; x_wconf 86' lang='lat' dir='ltr'><strong>literis,</strong></span> <span class='ocrx_word' id='word_1_181' title='bbox 822 3400 974 3464; x_wconf 88' lang='lat' dir='ltr'><strong>medicus</strong></span> <span class='ocrx_word' id='word_1_182' title='bbox 990 3402 1115 3481; x_wconf 87' lang='lat' dir='ltr'><strong>proba·</strong></span> <span class='ocrx_word' id='word_1_183' title='bbox 1129 3370 1221 3409; x_wconf 52' lang='lat' dir='ltr'><strong>‘mn&#39;</strong></span> 
     </span>
     <span class='ocr_line' id='line_1_29' title="bbox 170 3497 1114 3576; baseline 0.003 -17"><span class='ocrx_word' id='word_1_184' title='bbox 170 3503 239 3561; x_wconf 89' lang='lat' dir='ltr'><strong>tus.</strong></span> <span class='ocrx_word' id='word_1_185' title='bbox 293 3497 343 3574; x_wconf 92' lang='lat' dir='ltr'><strong>Is,</strong></span> <span class='ocrx_word' id='word_1_186' title='bbox 360 3498 522 3563; x_wconf 88' lang='lat' dir='ltr'><strong>defuncto</strong></span> <span class='ocrx_word' id='word_1_187' title='bbox 539 3499 663 3562; x_wconf 81' lang='lat' dir='ltr'><strong>abbate</strong></span> <span class='ocrx_word' id='word_1_188' title='bbox 683 3499 924 3576; x_wconf 89' lang='lat' dir='ltr'><strong>Bathoniensi,</strong></span> <span class='ocrx_word' id='word_1_189' title='bbox 940 3500 1114 3564; x_wconf 89' lang='lat' dir='ltr'><strong>abbatiam</strong></span> 
     </span>
     <span class='ocr_line' id='line_1_30' title="bbox 169 3592 1115 3680; baseline 0.004 -21"><span class='ocrx_word' id='word_1_190' title='bbox 169 3615 191 3658; x_wconf 90' lang='lat' dir='ltr'><strong>a</strong></span> <span class='ocrx_word' id='word_1_191' title='bbox 207 3616 289 3677; x_wconf 84' lang='lat' dir='ltr'><strong>rege</strong></span> <span class='ocrx_word' id='word_1_192' title='bbox 307 3618 375 3661; x_wconf 89' lang='lat' dir='ltr'><strong>non</strong></span> <span class='ocrx_word' id='word_1_193' title='bbox 391 3592 551 3678; x_wconf 81' lang='lat' dir='ltr'><strong>¹gravate</strong></span> <span class='ocrx_word' id='word_1_194' title='bbox 567 3598 728 3674; x_wconf 90' lang='lat' dir='ltr'><strong>obtinuit,</strong></span> <span class='ocrx_word' id='word_1_195' title='bbox 743 3618 784 3662; x_wconf 91' lang='lat' dir='ltr'><strong>eo</strong></span> <span class='ocrx_word' id='word_1_196' title='bbox 800 3600 890 3680; x_wconf 92' lang='lat' dir='ltr'><strong>quod</strong></span> <span class='ocrx_word' id='word_1_197' title='bbox 907 3607 942 3663; x_wconf 87' lang='lat' dir='ltr'><strong>et</strong></span> <span class='ocrx_word' id='word_1_198' title='bbox 961 3598 997 3662; x_wconf 92' lang='lat' dir='ltr'><strong>in</strong></span> <span class='ocrx_word' id='word_1_199' title='bbox 1019 3600 1115 3663; x_wconf 88' lang='lat' dir='ltr'><strong>curia</strong></span> 
     </span>
     <span class='ocr_line' id='line_1_31' title="bbox 169 3696 1116 3779; baseline 0.003 -22"><span class='ocrx_word' id='word_1_200' title='bbox 169 3696 284 3760; x_wconf 87' lang='lat' dir='ltr'><strong>omnia</strong></span> <span class='ocrx_word' id='word_1_201' title='bbox 298 3716 434 3761; x_wconf 84' lang='lat' dir='ltr'><strong>vaenum</strong></span> <span class='ocrx_word' id='word_1_202' title='bbox 451 3699 654 3779; x_wconf 83' lang='lat' dir='ltr'><strong>agebantur,</strong></span> <span class='ocrx_word' id='word_1_203' title='bbox 671 3706 705 3760; x_wconf 88' lang='lat' dir='ltr'><strong>et</strong></span> <span class='ocrx_word' id='word_1_204' title='bbox 722 3698 925 3762; x_wconf 85' lang='lat' dir='ltr'><strong>aviditatem</strong></span> <span class='ocrx_word' id='word_1_205' title='bbox 935 3698 1116 3762; x_wconf 88' lang='lat' dir='ltr'><strong>videbatur</strong></span> 
     </span>
     <span class='ocr_line' id='line_1_32' title="bbox 170 3795 1116 3878; baseline 0.004 -21"><span class='ocrx_word' id='word_1_206' title='bbox 170 3795 314 3876; x_wconf 88' lang='lat' dir='ltr'><strong>palliare</strong></span> <span class='ocrx_word' id='word_1_207' title='bbox 337 3798 426 3862; x_wconf 91' lang='lat' dir='ltr'><strong>ratio</strong></span> <span class='ocrx_word' id='word_1_208' title='bbox 450 3805 490 3861; x_wconf 91' lang='lat' dir='ltr'><strong>ut</strong></span> <span class='ocrx_word' id='word_1_209' title='bbox 513 3798 594 3860; x_wconf 88' lang='lat' dir='ltr'><strong>urbs</strong></span> <span class='ocrx_word' id='word_1_210' title='bbox 621 3804 691 3860; x_wconf 90' lang='lat' dir='ltr'><strong>tam</strong></span> <span class='ocrx_word' id='word_1_211' title='bbox 715 3797 861 3878; x_wconf 83' lang='lat' dir='ltr'><strong>insignis</strong></span> <span class='ocrx_word' id='word_1_212' title='bbox 886 3817 1010 3861; x_wconf 89' lang='lat' dir='ltr'><strong>nomen</strong></span> <span class='ocrx_word' id='word_1_213' title='bbox 1028 3798 1116 3861; x_wconf 88' lang='lat' dir='ltr'><strong>celo·</strong></span> 
     </span>
     <span class='ocr_line' id='line_1_33' title="bbox 169 3895 1117 3979; baseline 0.002 -21"><span class='ocrx_word' id='word_1_214' title='bbox 169 3896 264 3958; x_wconf 89' lang='lat' dir='ltr'><strong>brius</strong></span> <span class='ocrx_word' id='word_1_215' title='bbox 288 3895 459 3979; x_wconf 89' lang='lat' dir='ltr'><strong>acciperet</strong></span> <span class='ocrx_word' id='word_1_216' title='bbox 480 3917 525 3960; x_wconf 84' lang='lat' dir='ltr'><strong>ex</strong></span> <span class='ocrx_word' id='word_1_217' title='bbox 549 3897 734 3979; x_wconf 90' lang='lat' dir='ltr'><strong>episcopio.</strong></span> <span class='ocrx_word' id='word_1_218' title='bbox 798 3896 924 3978; x_wconf 91' lang='lat' dir='ltr'><strong>Itaque</strong></span> <span class='ocrx_word' id='word_1_219' title='bbox 947 3897 1057 3979; x_wconf 92' lang='lat' dir='ltr'><strong>primo</strong></span> <span class='ocrx_word' id='word_1_220' title='bbox 1080 3898 1117 3960; x_wconf 91' lang='lat' dir='ltr'><strong>in</strong></span> 
     </span>
     <span class='ocr_line' id='line_1_34' title="bbox 171 3995 1117 4080; baseline 0.003 -23"><span class='ocrx_word' id='word_1_221' title='bbox 171 3996 357 4059; x_wconf 87' lang='lat' dir='ltr'><strong>monachos</strong></span> <span class='ocrx_word' id='word_1_222' title='bbox 381 3997 602 4060; x_wconf 87' lang='lat' dir='ltr'><strong>severitatem</strong></span> <span class='ocrx_word' id='word_1_223' title='bbox 628 4016 800 4073; x_wconf 85' lang='lat' dir='ltr'><strong>exercere,</strong></span> <span class='ocrx_word' id='word_1_224' title='bbox 827 3995 918 4080; x_wconf 91' lang='lat' dir='ltr'><strong>quod</strong></span> <span class='ocrx_word' id='word_1_225' title='bbox 945 4004 1060 4060; x_wconf 89' lang='lat' dir='ltr'><strong>essent</strong></span> <span class='ocrx_word' id='word_1_226' title='bbox 1082 4005 1117 4060; x_wconf 90' lang='lat' dir='ltr'><strong>et</strong></span> 
     </span>
     <span class='ocr_line' id='line_1_35' title="bbox 170 4093 1117 4174; baseline 0.004 -17"><span class='ocrx_word' id='word_1_227' title='bbox 170 4093 310 4158; x_wconf 88' lang='lat' dir='ltr'><strong>hebetes</strong></span> <span class='ocrx_word' id='word_1_228' title='bbox 326 4103 361 4159; x_wconf 90' lang='lat' dir='ltr'><strong>et</strong></span> <span class='ocrx_word' id='word_1_229' title='bbox 377 4114 441 4159; x_wconf 90' lang='lat' dir='ltr'><strong>sua</strong></span> <span class='ocrx_word' id='word_1_230' title='bbox 457 4096 684 4159; x_wconf 84' lang='lat' dir='ltr'><strong>aestimatione</strong></span> <span class='ocrx_word' id='word_1_231' title='bbox 698 4097 854 4174; x_wconf 88' lang='lat' dir='ltr'><strong>barbari;</strong></span> <span class='ocrx_word' id='word_1_232' title='bbox 872 4115 990 4160; x_wconf 89' lang='lat' dir='ltr'><strong>omnes</strong></span> <span class='ocrx_word' id='word_1_233' title='bbox 1007 4104 1117 4161; x_wconf 87' lang='lat' dir='ltr'><strong>terras</strong></span> 
     </span>
    </p>
   </div>
   <div class='ocr_carea' id='block_1_6' title="bbox 301 4336 998 4474">
    <p class='ocr_par' dir='ltr' id='par_1_6' title="bbox 301 4336 998 4474">
     <span class='ocr_line' id='line_1_36' title="bbox 301 4336 987 4400; baseline 0.006 -16"><span class='ocrx_word' id='word_1_234' title='bbox 301 4336 307 4367; x_wconf 84' lang='lat'>¹</span> <span class='ocrx_word' id='word_1_235' title='bbox 327 4337 456 4400; x_wconf 77' lang='lat' dir='ltr'><strong>Grnouta]</strong></span> <span class='ocrx_word' id='word_1_236' title='bbox 474 4337 507 4386; x_wconf 76' lang='lat' dir='ltr'><strong>A.</strong></span> <span class='ocrx_word' id='word_1_237' title='bbox 521 4337 548 4386; x_wconf 79' lang='lat' dir='ltr'><strong>S.</strong></span> <span class='ocrx_word' id='word_1_238' title='bbox 563 4338 593 4386; x_wconf 88' lang='lat' dir='ltr'><strong>C.</strong></span> <span class='ocrx_word' id='word_1_239' title='bbox 607 4338 639 4386; x_wconf 89' lang='lat' dir='ltr'><strong>D.</strong></span> <span class='ocrx_word' id='word_1_240' title='bbox 655 4338 708 4385; x_wconf 67' lang='lat' dir='ltr'><strong>El.</strong></span> <span class='ocrx_word' id='word_1_241' title='bbox 722 4337 768 4397; x_wconf 82' lang='lat' dir='ltr'><strong>L.;</strong></span> <span class='ocrx_word' id='word_1_242' title='bbox 787 4343 917 4399; x_wconf 79' lang='lat' dir='ltr'><strong>gravante,</strong></span> <span class='ocrx_word' id='word_1_243' title='bbox 932 4340 987 4389; x_wconf 77' lang='lat' dir='ltr'><strong>El.</strong></span> 
     </span>
     <span class='ocr_line' id='line_1_37' title="bbox 922 4430 998 4474; baseline 0 -1"><span class='ocrx_word' id='word_1_244' title='bbox 922 4431 937 4474; x_wconf 75' lang='lat'><strong>2</strong></span> <span class='ocrx_word' id='word_1_245' title='bbox 951 4438 968 4472; x_wconf 82' lang='grc' dir='ltr'><strong>Μ</strong></span> <span class='ocrx_word' id='word_1_246' title='bbox 982 4430 998 4474; x_wconf 78' lang='lat'><strong>2</strong></span> 
     </span>
    </p>
   </div>
   <div class='ocr_carea' id='block_1_7' title="bbox 0 0 1576 5025">
    <p class='ocr_par' dir='ltr' id='par_1_7' title="bbox 0 0 1576 5025">
     <span class='ocr_line' id='line_1_38' title="bbox 0 0 1576 5025; baseline 0 1"><span class='ocrx_word' id='word_1_247' title='bbox 0 0 1576 5025; x_wconf 95' lang='lat' dir='ltr'><strong> </strong></span> 
     </span>
    </p>
   </div>
  </div>
 </body>
</html>
