3142 5025
209 521 365 602 urs.1u.]
435 536 550 584 essm
574 535 700 583 secun
725 535 939 584 sscrouuu.
1092 519 1157 582 461

208 713 270 756 rex
286 693 468 756 Danorum
482 687 554 778 (¹ut
569 692 851 779 supradiximus)
864 693 1069 755 interemtus
1085 699 1159 770 est3

207 813 278 875 quo
307 793 490 856 Sarraccni
521 791 674 874 Hispani
704 792 741 855 in
769 792 985 864 Christianos
1015 791 1161 868 efferati,

209 911 292 955 mox
316 893 361 956 ab
388 890 578 955 Aldefonso
601 911 682 974 rege
703 891 864 956 Galliciae
887 891 933 954 ad
958 910 1025 954 sua
1049 891 1161 954 redire

209 991 333 1068 coacti,
349 993 453 1056 etiam
475 991 618 1056 urbibus
637 1010 725 1074 quas
747 993 830 1056 olim
853 997 1037 1055 tenuerant
1059 991 1161 1055 inviti

209 1109 352 1154 cessere.

258 1191 370 1273 §283
398 1188 546 1273 Corpus,
559 1191 655 1272 regio
674 1191 810 1254 solenni
830 1196 1002 1266 curatum,
1021 1208 1084 1270 per
1099 1188 1159 1252 Se·
1174 1211 1300 1252 samm

211 1309 362 1371 quanam
378 1288 571 1354 Gadomum
584 1290 758 1370 delatum;
781 1289 831 1353 ibi
852 1309 980 1371 magna
999 1289 1160 1370 frequen·

212 1391 263 1453 tia
284 1390 533 1466 ordinatorum,
547 1391 714 1454 laicorum
737 1408 862 1472 pauca,
875 1389 969 1451 humi
983 1387 1161 1452 traditum.

213 1489 404 1554 Varietatis
434 1490 593 1553 humanae
622 1497 706 1554 tunc
734 1489 801 1554 tuit
830 1488 947 1552 videre
976 1487 1162 1565 miseriam,

212 1589 307 1672 quod
322 1590 425 1654 homo
446 1589 506 1654 ifle
521 1589 629 1653 totius
650 1591 732 1653 olim
750 1589 901 1671 Europae
922 1588 1044 1665 honor,
1062 1594 1162 1651 ante·

213 1708 457 1771 cessorumque
484 1708 626 1752 suorum
655 1690 807 1754 omnium
834 1687 1020 1770 potentior,
1043 1687 1161 1750 sedem

213 1795 352 1852 aeternae
366 1789 611 1871 requiescionis
623 1790 699 1852 sine
712 1789 886 1852 calumnia
894 1789 1078 1870 impetrare
1091 1806 1162 1851 non

213 1891 349 1970 potuit:
366 1907 516 1972 namque
528 1882 640 1952 ²miles
650 1889 804 1970 quidam,
819 1888 864 1951 ad
879 1888 979 1971 cujus
994 1887 1161 1969 patrimo-

213 1989 308 2051 nium
321 1989 419 2052 locus
434 1989 492 2052 ille
505 1989 730 2071 pertinuerat,
746 1988 844 2052 clara
859 1993 1059 2051 contestans
1076 2005 1162 2050 voce

215 2089 385 2170 rapinam,
402 2088 616 2170 sepulturam
630 2088 792 2164 inhibuit,
811 2087 941 2163 dicens,
957 2084 1066 2149 Avito
1081 2085 1162 2169 jure

215 2188 327 2250 solum
352 2207 453 2250 suum
474 2206 562 2265 esse,
588 2207 652 2250 nec
675 2187 772 2251 illurn
795 2188 833 2250 in
860 2187 937 2250 loco
960 2204 1064 2268 quern
1091 2186 1163 2249 vio-
1269 2232 1275 2242 .

216 2287 326 2351 lenter
347 2288 524 2351 invaserat
549 2305 698 2370 pausare
721 2286 856 2349 debere.
908 2285 1083 2363 Quocirca
1103 2304 1163 2349 vo-

215 2386 309 2450 lente
332 2386 488 2450 Henrico
510 2386 594 2462 filio,
619 2387 681 2468 qui
702 2384 799 2449 solus
823 2405 868 2448 ex
892 2384 1010 2447 liberis
1031 2383 1180 2461 aderat,

215 2493 353 2551 centum
383 2487 480 2551 librae
510 2487 647 2569 argenti
677 2485 847 2567 litigatori
878 2482 1064 2566 persolutae
1099 2502 1163 2547 au-

214 2585 334 2651 dacem
359 2588 568 2650 calumniam
595 2604 856 2668 compescuere:
879 2603 960 2647 nam
982 2591 1067 2648 tunc
1087 2582 1162 2647 Ro·

214 2686 332 2750 bertus
357 2687 607 2769 primogenitus
630 2687 668 2749 in
693 2686 843 2749 Francia
868 2692 992 2748 contra
1012 2684 1163 2766 patriam

212 2786 389 2865 bellabat3
412 2785 622 2862 Willelmus,
648 2792 834 2866 antequam
855 2783 959 2867 plane
980 2791 1081 2865 pater
1101 2803 1164 2846 ex·

216 2887 376 2967 spiraret,
405 2883 571 2966 Angliam
599 2885 859 2965 enavigaverat,
886 2883 1006 2947 utilius
1034 2883 1162 2946 ducens

214 2986 286 3048 suis
301 2986 337 3047 in
353 2994 529 3066 posterum
544 2984 732 3049 commodis
746 2984 955 3066 prospicere,
968 3001 1073 3065 quam
1085 2976 1162 3045 'ob

214 3085 343 3166 sequiis
353 3085 490 3166 paterni
503 3085 658 3165 corporis
676 3085 854 3148 interesse.
906 3081 1029 3159 Porro,
1042 3082 1080 3145 in
1093 3082 1162 3145 dis-

215 3183 396 3266 pertienda
410 3184 558 3265 pecunia
574 3203 637 3247 nec
658 3184 775 3265 segnis
789 3202 853 3245 nec
874 3201 1014 3265 parona,
1026 3201 1163 3245 omnem

213 3283 313 3346 illum
328 3284 529 3347 thesaurum
542 3281 733 3347 Wintoniae
754 3282 840 3346 totis
859 3282 959 3345 annis
981 3283 1081 3362 regni
1101 3302 1162 3346 cu·

214 3383 384 3446 mulatum
397 3384 441 3445 ab
457 3382 593 3445 arcanis
607 3380 769 3445 sacrariis
783 3380 874 3444 eruit
887 3382 924 3443 in
941 3381 1072 3461 lucem3
1087 3400 1162 3445 mo·

215 3483 376 3546 nasteriis
389 3502 523 3558 aurum,
536 3481 689 3545 ecclesiis
704 3480 899 3561 agrestibus
915 3480 1046 3546 solidos
1060 3481 1163 3563 quin·

214 3601 283 3663 que
305 3582 453 3663 argenti,
474 3580 658 3662 unicuique
684 3599 777 3663 pago
799 3588 938 3643 centum
959 3579 1066 3643 libras
1081 3581 1164 3643 viri-
1286 3613 1291 3621 ·

214 3682 278 3745 tim
301 3682 420 3763 egenis
453 3680 669 3757 dividendas,
699 3679 858 3763 largitus.
911 3678 1028 3742 Patris
1058 3680 1164 3743 etiam

251 3968 260 4001 ¹
276 3972 313 4021 Ut
322 3986 396 4034 rupm
411 3969 541 4033 diximus]
559 3970 643 4033 wel,
653 3985 679 4030 p.
704 3968 797 4035 (L'Art
805 3968 839 4017 de
848 3966 965 4017 seniles
974 3966 1063 4024 llutes,
1072 3978 1102 4016 11.
1109 3961 1165 4031 8⁵.)

215 4044 275 4091 tta.
305 4041 479 4102 Malmesbury
501 4040 560 4089 here
582 4038 681 4087 lollows
739 4036 837 4088 'Miles
854 4036 975 4101 quidm]
991 4036 1042 4085 His
1055 4036 1165 4085 nemeis

216 4110 260 4159 the
277 4110 362 4159 Saron
379 4110 523 4170 Chronicle,
539 4109 624 4158 which
641 4124 681 4158 re-
704 4108 821 4170 reported
845 4112 871 4156 to
895 4107 960 4157 have
982 4108 1047 4155 been
1063 4106 1166 4156 Asselin

216 4180 268 4229 fers
285 4180 328 4229 the
343 4179 419 4228 death
431 4180 460 4229 ol
468 4180 538 4229 Cuut
554 4184 580 4227 to
599 4182 662 4228 1087
673 4196 679 4226 :
692 4202 694 4216 .
706 4178 877 4226 Fila-Arthur.

216 4251 264 4299 but
283 4250 334 4299 this
351 4254 427 4299 event
443 4249 534 4299 should
557 4250 589 4297 be
610 4220 694 4298 artri-l
740 4240 921 4313 'Obsequiis.]
946 4248 976 4295 C.
995 4248 1029 4295 Ε.
1050 4246 1098 4305 11.;
1120 4260 1167 4293 ex-

216 4320 295 4369 buted
324 4326 350 4369 to
378 4320 421 4369 the
447 4319 584 4381 preceding
612 4334 692 4389 year„
704 4318 798 4379 equiis,
808 4318 841 4366 A.
854 4317 883 4365 S.
894 4316 930 4365 D.
