3142 5025
411 488 478 554 762
700 504 875 554 ursronrn
898 490 1363 571 sovnnnn.[n1s.ur.

251 676 386 770 uagitu*
414 662 548 727 ‘Sciret
569 662 730 727 dominns
749 660 962 744 apostolicus
986 679 1046 725 eos
1062 660 1106 725 ob
1123 660 1216 743 regis
1241 660 1364 725 libera-

251 728 398 869 ffifflla
414 763 544 827 tionem
583 768 618 826 et
649 762 749 843 regni
782 779 903 844 pacem
934 760 1000 825 hoc
1034 780 1073 824 se
1107 767 1212 843 pacto
1246 760 1364 825 comiti

253 880 312 919 rua
416 862 634 939 astrinxisse,
656 860 762 945 quod,
784 861 816 924 si
841 880 920 924 enm
942 879 1005 925 rex
1032 868 1113 943 post
1134 878 1233 924 suam
1254 860 1364 943 ipsius

416 962 654 1027 liberationem
670 961 818 1024 liberare
835 960 1102 1036 dissimularet,
1093 959 1269 1042 1ps1ultro
1280 978 1318 1023 se
1329 959 1365 1022 in

417 1061 612 1143 captionem
627 1060 736 1143 ipsius
746 1060 983 1124 immitterent.
1022 1058 1257 1142 Quapropter,
1274 1060 1305 1123 si
1321 1058 1365 1123 ad

417 1161 484 1225 boc
505 1158 729 1223 infortunium
750 1166 955 1242 perventum
978 1159 1080 1235 foret,
1094 1157 1223 1222 obnixe
1243 1177 1367 1240 rogare

418 1256 529 1346 (quod
540 1258 741 1341 apostolicae
757 1258 984 1321 humanitatis
995 1265 1087 1322 esset
1098 1264 1223 1341 sponte
1237 1254 1368 1342 lacere)

419 1366 459 1423 nt
474 1365 510 1422 et
522 1378 581 1422 eos
599 1356 659 1441 qui
672 1357 881 1439 suffraganei
898 1357 1007 1439 ipsius
1029 1365 1139 1435 erant,
1159 1364 1195 1420 et
1207 1358 1368 1421 comitem

419 1457 561 1542 pariter,
576 1458 622 1520 ab
633 1456 796 1520 indebitis
807 1458 954 1520 nexibus
970 1463 1114 1520 exueret
1124 1457 1145 1537 ;’
1163 1464 1199 1520 et
1207 1456 1367 1539 quaedam

419 1557 516 1622 talia.

472 1656 489 1739 §
505 1655 560 1720 64.
577 1654 667 1719 Haec
681 1654 813 1737 scripta
831 1652 1007 1719 Robertus
1023 1656 1068 1719 ab
1081 1656 1238 1737 utrisque
1255 1656 1369 1739 ponti·

420 1748 543 1819 licibus
556 1763 697 1836 recepta
713 1762 790 1819 tuto
805 1754 881 1818 loco
898 1754 1077 1837 deposuit;
1101 1762 1137 1819 et
1152 1754 1367 1819 Wintoniam

420 1874 499 1917 cnm
511 1853 656 1932 eisdem,
673 1853 844 1935 simulque
859 1872 988 1936 magna
1001 1855 1169 1919 baronum
1186 1857 1299 1938 copia,
1308 1874 1368 1919 ve-

421 1954 484 2020 nit
536 1951 616 2018 Rex
643 1971 794 2036 quoque,
821 1959 859 2016 ut
884 1954 921 2016 in
941 1954 1127 2035 praeteritis
1149 1954 1280 2018 dictum
1301 1960 1368 2032 est,

419 2072 492 2119 non
521 2052 630 2116 multo
652 2059 733 2135 post
755 2052 875 2116 eodem
891 2053 1046 2131 veniens,
1067 2052 1237 2117 familiare
1261 2053 1368 2117 collo-

315 2140 318 2145 ’
420 2152 541 2234 quium
568 2167 646 2215 cum
669 2153 794 2215 comite
816 2152 1102 2215 communicavit:
1126 2152 1187 2216 sed
1209 2153 1369 2236 quamvis

422 2258 458 2315 et
473 2252 548 2334 ipse
562 2270 638 2328 rex,
653 2258 689 2314 at
702 2252 820 2314 cuncti
836 2251 1009 2333 principes
1023 2251 1083 2334 qni
1098 2251 1255 2329 aderant,
1272 2271 1371 2333 mag-

422 2369 468 2414 no
491 2350 616 2413 annisu
640 2357 843 2431 satagerent
864 2350 1024 2414 comitem
1045 2351 1082 2413 in
1104 2369 1169 2414 sua
1192 2359 1277 2416 vota
1298 2358 1371 2415 tra·

422 2450 561 2526 ducere,
574 2449 645 2527 ille,
663 2449 759 2514 velut
773 2448 890 2533 pelagi
911 2468 1014 2532 rupes
1031 2450 1176 2515 immota
1191 2452 1370 2531 resistens,

423 2568 543 2613 omnes
565 2568 683 2613 eorum
705 2555 851 2614 conatus
867 2549 924 2613 vel
945 2550 1062 2614 irritos
1077 2551 1170 2628 fecit,
1184 2551 1241 2616 vel
1263 2554 1371 2618 ratio·

422 2648 585 2712 nabiliter
598 2649 828 2731 compescuit:
848 2647 952 2712 ‘Non
966 2667 1042 2712 esse
1054 2649 1223 2728 rationis,'
1240 2651 1370 2729 dicens,

423 2746 508 2810 ‘sed
525 2767 589 2812 nec
605 2747 843 2824 humanitatis,
854 2754 895 2810 ut
908 2748 1175 2814 sororem'suam
1186 2749 1372 2830 desereret,

423 2847 524 2930 cujus
541 2854 659 2929 partes
669 2847 766 2930 juste
781 2845 1013 2911 defendendas
1036 2849 1267 2931 suscepisset:
1294 2851 1372 2914 nul-

423 2945 491 3010 lius
515 2945 685 3009 commodi
708 2963 828 3022 causa,
856 2965 919 3009 nec
948 2952 1020 3010 tam
1045 2949 1139 3029 regis
1162 2948 1242 3013 odio
1265 2968 1371 3032 quam

422 3043 634 3108 sacramenti
654 3044 709 3107 sui
728 3052 900 3127 respectu,
917 3046 1008 3127 quod
1024 3047 1154 3112 violare
1176 3048 1273 3112 nefas
1295 3067 1372 3113 esse

419 3142 493 3225 ‘ipsi
512 3161 650 3224 quoque
674 3143 839 3207 deberent
861 3144 1050 3222 attendere,
1077 3148 1269 3229 praesertim
1293 3167 1373 3212 cum

427 3242 689 3324 ab-apostolico
712 3242 779 3306 sibi
802 3243 1003 3307 mandatum
1026 3245 1239 3310 meminisset
1254 3254 1294 3311 ut
1315 3267 1373 3312 sa-

427 3347 604 3405 cramento
632 3341 724 3425 quod
748 3343 871 3419 sorori,
901 3351 1073 3425 praesente
1099 3352 1211 3427 patre,
1231 3345 1375 3424 fecerat,

427 3440 657 3504 obedientiam
691 3440 891 3505 exhiberet?
958 3441 1017 3506 Ite
1048 3444 1177 3508 insecta
1204 3464 1290 3528 pace
1329 3449 1375 3512 ab

422 3540 584 3622 utrisque
599 3539 800 3604 discessum.

266 3643 337 3684 ιιι·
313 3641 416 3733 ωιζιιιιιι
473 3638 559 3722 §os
583 3638 674 3702 Heec
697 3633 801 3703 ideo¹
809 3638 859 3702 sic
881 3639 918 3702 in
945 3640 1132 3722 superioris
1158 3644 1240 3707 anni
1265 3645 1377 3725 gestis

266 3693 408 3882 ἓξὲξ
429 3757 498 3801 non
522 3739 680 3851 apposui,
702 3740 785 3820 qnia
804 3737 894 3802 clam
918 3741 1130 3806 conscientia
1151 3761 1230 3807 mea
1255 3751 1376 3810 erant·

266 3892 318 3930 m
325 3892 363 3931 n
376 3845 565 3919 semper
577 3856 732 3920 qmppe
720 3838 854 3901 horrori
872 3836 978 3902 habui
994 3839 1125 3921 aliquid
1148 3841 1191 3906 ad
1217 3850 1378 3925 posteros

265 3941 408 4031 ιιιᾶιιςξιιιιι
428 3936 731 4000 transmittendum
750 3936 843 4018 stylo
859 3938 1084 4016 committere,
1100 3940 1192 4022 quod
1209 3943 1379 4007 nescirem

266 4049 313 4080 mer
320 4051 376 4090 year.

668 4266 676 4299 ¹
689 4265 757 4336 ste]
776 4271 809 4320 E.
820 4286 828 4331 ;
844 4271 948 4320 omitted
960 4272 986 4320 in
998 4273 1027 4322 S.
1041 4273 1075 4324 D.
1088 4274 1141 4323 Lu.
