3142 5025
202 523 272 571 nro.
291 506 342 588 v.]
435 523 550 572 cosm
573 526 700 575 oscum
724 527 940 578 succorum.
1091 516 1158 581 675

382 775 430 821 DE
452 774 576 821 MORTE
600 774 764 823 EJUSDEM
790 775 980 824 LANZONIS.

254 880 364 965 §tta
388 881 498 945 ‘Pius
528 882 712 960 Dominus,
739 883 800 966 qui
828 883 984 966 flagellat
1016 904 1291 971 omnemnmnta

202 980 312 1044 filium
337 1000 438 1063 quem
462 982 596 1065 recipit,
619 983 680 1064 qui
696 983 814 1067 justos
833 1003 906 1047 suae
931 984 1045 1048 socios
1069 962 1268 1067 pas-'¹¹¹‘¹‘''‘h

202 1080 309 1144 sionis
331 1082 434 1145 simul
455 1088 490 1145 et
507 1082 753 1146 consolationis
775 1083 850 1147 fore
871 1084 1054 1166 promittit,
1077 1092 1149 1149 tam

202 1181 326 1244 acerbo
344 1180 512 1261 languore
524 1180 701 1244 dominum
720 1181 919 1246 Lanzonem
935 1184 1049 1248 triduo
1065 1204 1148 1266 pas·

200 1278 333 1342 sionem
361 1299 459 1343 suam
483 1281 675 1363 praevenire
700 1282 870 1363 permisit,
895 1288 935 1345 ut
962 1283 993 1345 si
1019 1284 1147 1365 aliquis

200 1398 246 1442 ex
264 1385 401 1442 terrene
417 1379 679 1443 conversatione
700 1381 934 1445 mundissimae
948 1382 1056 1445 menti
1071 1383 1147 1466 ejus

199 1478 313 1560 pulvis
339 1479 496 1556 adhaesit,
520 1478 582 1542 illa
612 1498 690 1542 eum
714 1480 936 1544 tribulatione
960 1500 1147 1546 excussum

198 1596 274 1641 esse
297 1597 366 1641 non
383 1578 430 1642 sit
444 1578 653 1659 ambiguum.
705 1576 794 1642 Cum
812 1580 903 1643 enim
917 1580 1012 1645 dicat
1026 1587 1146 1646 tantus

199 1677 390 1759 apostolus,
405 1678 465 1759 qui
483 1696 587 1761 super
603 1678 826 1742 Dominicum
842 1679 999 1743 recubuit
1013 1687 1146 1761 peetus,

198 1780 221 1811 ‘⁴
235 1770 290 1840 ¹Si
305 1777 494 1840 dixerimus
509 1778 593 1859 quia
608 1784 788 1860 peccatum
805 1798 875 1842 non
885 1778 1063 1857 habemus,
1077 1780 1147 1863 ipsi

199 1896 263 1939 nos
291 1876 497 1955 seducimus,
527 1884 563 1941 et
587 1878 716 1941 veritas
748 1878 785 1941 in
813 1878 913 1941 nobis
944 1897 1014 1942 non
1047 1881 1146 1944 est:”

198 1995 344 2058 cumque
380 1983 560 2059 peccatum
585 1994 685 2039 omne
707 1983 770 2040 aut
794 1976 906 2041 levius
931 1976 999 2055 hic,
1024 1979 1145 2042 autin

197 2075 315 2140 futuro
332 2077 486 2157 gravius,
498 2075 632 2160 judicet
648 2073 821 2152 Christus
839 2076 953 2140 noluit
966 2077 998 2140 ei
1012 2076 1144 2159 aliquid

197 2174 395 2239 offensionis
415 2181 654 2257 postmortem
680 2193 870 2250 occurrere,
884 2194 986 2257 quem
1008 2194 1046 2239 se
1068 2184 1144 2242 toto

196 2275 299 2338 corde
320 2275 451 2338 sciebat
473 2292 609 2352 amare3
632 2273 790 2355 ideoque,
805 2274 836 2337 si
855 2273 938 2356 quid
960 2274 997 2338 in
1019 2294 1060 2338 eo
1082 2295 1144 2340 ex-

197 2374 419 2437 aminandum
445 2372 638 2456 judicabat,
665 2371 776 2436 voluit
797 2366 852 2435 ²in
875 2373 1014 2438 vivente
1041 2373 1142 2439 deco-

194 2491 310 2555 quere.
363 2472 459 2536 Huic
475 2492 598 2555 nempe
621 2472 805 2537 assertioni
820 2472 947 2537 fiducia
964 2473 1142 2540 morientis

195 2580 363 2637 attestata
384 2579 449 2636 est.
501 2571 595 2636 Nam
613 2591 692 2635 cum
705 2573 829 2654 quintu
847 2572 934 2636 feria
955 2580 1036 2636 onte
1052 2573 1141 2637 Pas-

194 2673 327 2735 sionem
356 2671 499 2735 Domini
526 2669 720 2747 incolumis,
744 2671 838 2735 dicto
864 2691 910 2735 ex
936 2672 1141 2754 quotidiana

195 2768 480 2851 Quadragesimae
508 2770 755 2834 consuetudine
786 2771 964 2852 psalterio,
989 2791 1027 2834 se
1054 2772 1141 2838 horo

194 2870 299 2933 tertia
314 2871 455 2933 missam
472 2868 708 2933 celebraturus
731 2871 901 2951 usquead
918 2872 1072 2934 casulam
1088 2873 1142 2936 in·

193 2968 337 3045 duisset,
354 2975 389 3032 et
405 2988 515 3050 usque
532 2968 577 3032 ad
592 2968 823 3050 incipiendam
837 2969 978 3033 missam
992 2990 1140 3054 quaeque

190 3066 336 3132 dicenda
360 3075 459 3132 erant
480 3068 712 3150 praedixisset,
734 3070 850 3133 subito
872 3069 1040 3152 languore
1065 3079 1139 3136 tum

190 3167 336 3232 molesto
357 3168 553 3251 corripitur,
576 3175 617 3231 ut
644 3168 730 3251 ipse,
752 3187 832 3251 quae
857 3169 1018 3233 induerat
1031 3173 1138 3236 vesti·

190 3275 308 3331 menta
346 3286 489 3344 exuens,
530 3267 635 3330 etiam
671 3286 741 3331 non
778 3267 910 3350 plicata
937 3270 1135 3351 reliquerit:

153 3379 156 3384 ’
190 3385 418 3448 egressusque
443 3365 608 3443 oratorio,
630 3366 704 3430 sine
726 3366 980 3431 intermissione
1001 3387 1063 3449 per
1084 3371 1136 3433 bi-

189 3466 306 3541 duum,
320 3464 385 3528 hoc
411 3471 476 3541 est,
493 3484 604 3547 usque
626 3464 671 3527 ad
697 3464 900 3543 Sabbatum,
923 3468 1135 3549 conteritur;

190 3585 259 3629 non
276 3565 438 3642 sedendo,
464 3585 534 3628 non
556 3563 776 3642 ambulando,
795 3584 865 3627 non
880 3564 1042 3648 jacendo,
1065 3586 1134 3631 non

189 3664 326 3742 stando,
341 3684 453 3746 neque
467 3662 680 3741 dormiendo,
696 3662 803 3727 ullam
823 3665 962 3727 omnino
981 3666 1134 3746 requiem

187 3764 330 3828 habens.
377 3763 566 3845 Nunquam
581 3773 697 3827 tomen
720 3763 879 3826 noctibus
900 3763 1050 3840 locutus,
1066 3758 1135 3829 ³ro-

189 3864 353 3944 gantibus
382 3870 423 3926 ut
458 3863 634 3926 silentium
662 3863 814 3928 solveret
840 3882 909 3927 non
935 3863 1132 3946 acquievit3

187 3982 315 4044 rogans
345 3982 388 4027 ne
417 3962 644 4027 monachatus
672 3964 724 4025 sui
747 3962 950 4046 pudicitiam
971 3963 1133 4041 libarent,

224 4168 231 4199 ¹
252 4170 282 4220 Si
300 4169 436 4219 dixerimus
455 4206 461 4220 .
475 4205 482 4219 .
495 4206 502 4220 .
514 4171 605 4220 veritur
621 4171 647 4219 io
667 4172 812 4233 juventute,
824 4172 852 4220 S.
866 4172 915 4232 0.;
932 4171 1035 4221 omitted
1046 4172 1072 4220 in
1083 4173 1120 4224 D.

185 4240 380 4302 subtermeat]
393 4245 406 4288 1
419 4239 456 4290 St.
468 4240 545 4302 Jolm,
558 4245 647 4302 1.8,9.
664 4251 667 4257 ·
709 4235 904 4309 ’Roganttbur.]
919 4239 954 4290 '‘C.
973 4241 1008 4291 D.
1028 4243 1079 4303 E.;
1096 4258 1135 4293 ro·

222 4308 275 4361 ηπ
285 4310 403 4374 nirenta]
426 4309 460 4361 A.
479 4311 512 4358 Ε.
532 4311 587 4360 na.
594 4325 604 4373 ς
621 4311 648 4359 in
675 4311 794 4372 gentibue
803 4310 933 4374 iratribus,
943 4310 977 4363 A.
989 4311 1018 4362 S.
1030 4313 1085 4364 nu.
