3142 5025
273 709 369 750 account
377 711 401 750 ol

274 759 387 812 Berengar.

273 2598 319 2638 The
328 2600 402 2639 inven-

273 2650 318 2688 tion
327 2652 351 2689 ol
356 2649 393 2689 tha

435 518 501 583 466
650 533 764 583 ensra
790 535 917 584 aneuu
941 535 1157 584 auonoauu.
1229 521 1389 603 [maru.

436 699 483 770 et,
500 699 581 775 post
593 692 703 759 libata
716 693 849 771 oscula,
864 693 901 758 in
916 693 1017 777 panis
1032 691 1289 757 similitudinem
1304 712 1388 757 con-

436 811 573 864 versum
596 794 833 858 ecclesiastico
852 813 947 857 more
970 793 1178 875 sumpsisse:
1210 793 1302 875 quod
1330 812 1387 856 ar-

435 893 575 974 roganti
597 894 819 957 cavillatione
840 893 956 956 ferunt
972 893 1224 974 Berengarium
1245 910 1387 975 carpere

436 991 588 1069 solitum,
604 999 639 1056 et
655 993 779 1070 dicere,
795 992 981 1075 ‘Speciosa
993 999 1086 1056 certe
1105 1011 1177 1074 pax
1192 992 1386 1069 nebulonis,

436 1098 488 1168 ut,
510 1091 567 1155 cui
588 1093 659 1157 oris
683 1094 881 1175 praebuerat
895 1092 1043 1169 basium,
1066 1091 1220 1156 dentium
1243 1091 1386 1171 inferret

435 1191 606 1255 exitium?
657 1190 771 1270 Quale
793 1192 836 1256 de
860 1192 1005 1275 pusione
1027 1190 1051 1255 J
1054 1191 1199 1270 ndaico;
1222 1192 1327 1273 quod,
1349 1191 1386 1254 in

436 1290 618 1354 ecclesiam
640 1311 717 1355 cum
735 1285 908 1374 ¹aequaevo
924 1290 1124 1355 Christiano
1138 1290 1228 1355 forte
1244 1298 1281 1354 et
1294 1290 1385 1354 ludi·

435 1390 551 1454 bunde
565 1392 754 1474 ingressus,
769 1392 857 1456 vidit
873 1410 1017 1474 puerum
1036 1391 1074 1454 in
1090 1410 1153 1455 ara
1167 1391 1384 1454 membratim

435 1490 596 1574 discerpi,
619 1499 654 1555 et
671 1490 801 1556 viritim
822 1491 952 1573 populo
969 1490 1089 1556 dividi.
1133 1489 1175 1553 Id
1194 1509 1272 1553 cum
1284 1490 1384 1554 inno·

435 1591 550 1653 cantia
572 1589 697 1672 puerili
723 1591 926 1674 parentibus
948 1609 1012 1672 pro
1038 1609 1121 1654 vero
1143 1597 1325 1667 assereret,
1346 1589 1383 1652 in

435 1708 557 1770 rogum
581 1689 758 1753 detrusum
779 1690 839 1753 nbi
858 1690 998 1754 occluso
1020 1689 1111 1754 ostio
1134 1690 1307 1756 aestuabat
1328 1689 1383 1753 in·

434 1788 603 1866 cendium,
621 1789 739 1853 multis
753 1796 834 1872 post
848 1789 943 1854 horis
964 1789 1040 1852 sine
1054 1787 1196 1872 jactura
1217 1789 1384 1870 corporis,

435 1888 719 1970 exuviarumque,
749 1895 784 1953 et
812 1889 917 1957 etiam
945 1888 1101 1965 crinium,
1129 1907 1152 1953 a
1176 1887 1383 1953 Christianis

435 1995 644 2065 extractum,
664 1987 968 2072 interrogatusque
981 1987 1154 2073 quomodo
1168 2007 1311 2053 voraces
1330 1987 1384 2070 ig.

435 2087 531 2150 nium
564 2088 687 2170 globos
711 2089 874 2166 evaserit,
898 2088 1088 2170 respondit,
1116 2087 1212 2151 ‘Illa
1239 2088 1384 2170 pulchra

434 2185 578 2251 foemina
591 2207 695 2269 quam
711 2187 784 2252 vidi
797 2187 917 2252 sedere
932 2189 970 2252 in
983 2187 1161 2265 cathedra,
1176 2187 1276 2272 cujus
1291 2187 1383 2252 filius

433 2287 562 2368 populo
592 2288 823 2366 dividebatur,
848 2307 984 2371 semper
1006 2287 1092 2350 mihi
1114 2288 1152 2350 in
1174 2288 1310 2352 camino
1335 2287 1379 2351 ad

433 2385 593 2450 dextram
609 2388 733 2466 astitit,
746 2387 960 2452 flammineas
974 2387 1087 2450 minas
1101 2394 1138 2452 et
1152 2386 1269 2450 fumea
1282 2386 1382 2452 volu·

435 2486 530 2551 mina
542 2487 645 2573 peplo
660 2505 723 2552 suo
736 2487 982 2553 summovens!

487 2586 596 2669 §282
620 2587 719 2651 Tunc
741 2586 778 2651 in
802 2588 983 2670 provincia
997 2588 1191 2663 Walamm,
1206 2604 1285 2669 quae
1306 2586 1382 2651 Ros

271 2699 423 2790 fflffwfl·
434 2691 592 2763 vocatur,
614 2686 793 2750 inventum
818 2693 873 2750 est
892 2688 1112 2770 sepulchrum
1129 2686 1302 2763 Walwen,
1322 2688 1383 2769 qui

433 2784 500 2849 suit
515 2784 608 2850 haud
624 2786 773 2868 degener
785 2784 927 2850 Arturis
940 2807 986 2851 ex
1003 2807 1122 2852 sorore
1132 2804 1251 2868 nepos
1284 2786 1381 2867 Reg-

434 2886 531 2950 navit
560 2886 598 2950 in
626 2905 669 2950 ea
695 2893 796 2968 parte
818 2886 1012 2951 Britanniae
1036 2906 1117 2969 qnae
1148 2884 1261 2949 adhuc
1281 2886 1381 2951 Wal-

433 2984 562 3049 weitha
587 2992 752 3050 vocatur:
786 2985 886 3048 miles
915 2987 1045 3050 virtute
1075 2985 1382 3063 nominatissimus,

434 3084 495 3147 sed
517 3103 539 3148 a
565 3083 672 3149 fratre
699 3091 734 3148 et
763 3091 890 3167 nepote
915 3086 1107 3167 Hengistii,
1132 3084 1176 3148 de
1198 3084 1324 3166 quibus
1344 3085 1382 3147 in

432 3184 544 3266 primo
573 3183 662 3248 libro
690 3183 777 3261 dixi,
807 3204 916 3266 regno
944 3186 1123 3268 expulsus,
1147 3184 1244 3267 prius
1270 3184 1381 3249 multo

431 3302 552 3347 eorum
582 3283 789 3348 detrimento
827 3284 971 3348 axilium
1000 3302 1229 3367 compensans
1256 3302 1381 3363 suum3

432 3383 689 3447 communicans
703 3384 826 3448 merito
839 3383 936 3448 laudi
951 3384 1127 3459 avunculi,
1142 3382 1236 3466 quod
1250 3382 1383 3447 ruentis

432 3484 556 3564 patriae
580 3501 700 3546 casum
722 3483 758 3546 in
780 3483 898 3565 plures
917 3502 1030 3547 annos
1052 3482 1261 3547 distulerint.
1312 3482 1382 3546 Sed

432 3579 573 3645 Arturis
594 3581 815 3665 sepulchrum
830 3602 1001 3665 nusquam
1015 3583 1151 3659 visitur,
1173 3580 1264 3645 unde
1290 3582 1381 3645 anti-

431 3682 548 3763 quitas
563 3682 755 3746 naeniarum
770 3682 882 3746 adhuc
897 3702 976 3746 eum
991 3688 1177 3747 venturum
1192 3680 1380 3745 fabulatur.

433 3780 620 3859 Gaeterum,
645 3782 788 3845 alterius
805 3783 958 3860 bustum,
980 3789 1020 3847 ut
1041 3781 1205 3865 praemisi,
1226 3787 1381 3862 tempore

431 3880 600 3946 Willelmi
622 3880 713 3964 regis
734 3889 909 3965 repertum
936 3889 991 3946 est
1014 3900 1120 3963 super
1143 3899 1240 3945 oram
1264 3881 1381 3958 maris,

432 3981 691 4062 quatuordecim
715 3982 820 4065 pedes
844 3982 1010 4063 longum;
1041 3981 1102 4045 uhi
1128 3999 1150 4044 a
1174 3979 1381 4063 quibusdam

432 4080 598 4145 asseritur
624 4083 668 4145 ab
698 4080 856 4145 hostibus
883 4081 1098 4174 vulneratus,
1130 4087 1166 4143 et
1195 4078 1379 4160 naufragio

621 4311 629 4344 ¹
641 4314 778 4386 AEqaoeva]
794 4316 831 4369 D.
842 4316 876 4369 E.
888 4316 936 4377 t.;
951 4331 1107 4380 coaequare,
1118 4316 1147 4366 S.
1161 4316 1192 4366 0.
