3142 5025
393 546 459 614 488
615 563 729 612 onsrn
753 564 880 612 nncnu
905 563 1121 611 lucnonuu.
1193 547 1348 627 [marr.
1454 615 1477 646 O

395 721 511 806 lepida
524 721 707 790 hilaritate
730 714 807 807 (¹ut
824 719 968 784 Persius
986 717 1054 804 ait)
1072 718 1240 782 ‘crimina
1261 718 1349 780 rasis

397 822 529 886 librans
554 822 591 884 in
613 821 816 898 antithetiS,’
841 820 962 885 ‘Non'
987 816 1113 904 (dixit)
1128 819 1349 901 ‘episcopum

401 923 609 987 Baiocarum
621 922 750 1003 oapieS,
762 920 823 984 sed
832 921 992 984 comitem
1004 918 1140 982 Cantiae
1151 917 1350 981 custodies.'

403 1020 593 1085 Gaufridus
615 1022 811 1104 episcopus
827 1041 905 1084 cnm
928 1024 1066 1101 nepote,
1083 1017 1293 1082 Bathoniam
1316 1023 1352 1080 et

402 1121 640 1186 Beroheleiam
662 1128 865 1203 partemque
887 1120 970 1202 pagi
992 1118 1175 1182 Wiltensis
1197 1117 1352 1199 depopu-

403 1221 492 1297 lans,
518 1221 700 1283 manubias
732 1219 825 1302 apud
850 1220 993 1283 Bristou
1019 1218 1224 1281 collocabat.
1276 1215 1351 1279 Ro·

404 1321 521 1402 gerius
548 1320 591 1383 de
615 1319 738 1384 Monte
766 1319 964 1396 Gomerico,
986 1319 1177 1382 exercitum
1208 1334 1308 1379 suum
1331 1334 1353 1377 a

404 1419 640 1483 scrobesbiria
658 1439 736 1483 cum
758 1419 982 1483 Walensibus
1002 1418 1156 1494 mittens,
1182 1416 1354 1480 coloniam

404 1519 681 1599 Wigorniensem
705 1519 945 1601 praedabatur:
965 1518 1110 1601 jamque
1134 1515 1354 1598 Wigorniam

405 1618 552 1681 infestus
584 1618 785 1695 advenerat,
811 1638 888 1682 cum
913 1619 1002 1699 regii
1028 1616 1156 1681 milites
1182 1615 1241 1698 qui
1266 1633 1355 1697 prae-

407 1718 606 1794 tendebant,
631 1717 712 1780 freti
736 1718 974 1781 benedictione
998 1715 1176 1781 Wulstani
1201 1714 1355 1799 episcopi

407 1816 464 1880 oui
479 1816 637 1880 custodia
652 1817 786 1880 castelli
801 1818 985 1881 commissa
1004 1823 1091 1893 erat,
1108 1815 1211 1899 pauci
1227 1814 1356 1877 multos

407 1915 614 1998 effugarunt,
629 1916 855 2000 pluribusque
871 1917 999 1980 sauciis
1008 1922 1043 1979 et
1059 1916 1171 1993 caesis,
1187 1913 1356 1996 quosdam

408 2015 639 2079 abduxerunt.
702 2015 879 2080 Praeterea
915 2015 1089 2097 Rogerius
1122 2015 1230 2097 Bigot
1263 2011 1356 2095 apud

410 2114 605 2192 Northwic,
628 2121 664 2178 et
692 2115 802 2197 Hngo
826 2115 870 2179 de
892 2114 1147 2179 Grentemesnil
1172 2113 1265 2197 apud
1289 2111 1356 2176 Lc-

409 2222 614 2304 geoestram‚
641 2214 713 2278 suis
737 2215 884 2298 quisque
902 2205 1067 2297 partibus
1088 2215 1230 2298 rapinas
1253 2231 1357 2294 urge·

408 2315 505 2379 bant.
558 2314 617 2379 Ita
639 2314 722 2379 totis
747 2315 950 2379 deiectionis
963 2315 1096 2379 viribus
1121 2315 1158 2377 in
1185 2333 1277 2390 eum,
1301 2311 1357 2376 cni

408 2434 471 2478 neo
493 2415 677 2497 prudentia
699 2435 761 2479 neo
784 2414 926 2479 fortuna
947 2415 1078 2491 deerat,
1106 2414 1237 2479 frustra
1256 2412 1358 2476 sacvi-

409 2516 543 2579 ebatur.
596 2514 758 2597 Namque
785 2515 856 2592 ille,
874 2516 996 2579 videns
1021 2515 1244 2580 Normannos
1270 2532 1357 2596 pene

410 2633 529 2677 omnes
552 2614 590 2678 in
614 2634 685 2677 una
707 2615 803 2677 rabie
825 2616 1054 2698 conspiratos,
1073 2613 1210 2697 Anglos
1231 2614 1358 2696 probos

410 2719 446 2776 et
471 2712 578 2777 sortes
605 2712 710 2790 viros,
734 2714 796 2797 qui
827 2713 940 2778 adhuc
973 2715 1102 2780 residui
1133 2720 1244 2790 erant,
1268 2713 1358 2776 invi-

409 2812 547 2876 tatoriis
573 2813 711 2895 scriptis
737 2814 916 2893 accersiit3
949 2815 1075 2898 quibus
1099 2833 1204 2897 super
1222 2812 1359 2897 injuriis

411 2912 484 2974 suis
516 2913 765 2994 querimoniam
793 2913 936 2991 iaciens,
968 2915 1148 2996 bonasque
1182 2914 1291 2994 leges,
1323 2919 1359 2976 et

410 3011 619 3074 tributorum
635 3011 805 3091 levamen,
826 3014 1021 3096 liberasque
1033 3014 1236 3078 venationes
1258 3011 1360 3096 polli-

411 3128 505 3188 cens,
536 3109 696 3193 fidelitati
719 3130 792 3175 suae
823 3113 1000 3195 obligavit.
1054 3112 1131 3177 Neo
1157 3113 1282 3176 minori
1305 3130 1360 3174 as-

411 3210 500 3273 tutia
518 3208 709 3291 Rogerium
728 3211 772 3275 de
790 3211 913 3276 Monte
929 3212 1126 3289 Gomerico‚
1149 3230 1267 3275 secum
1288 3212 1360 3275 dis-

411 3308 574 3395 simulata
597 3310 742 3391 perfidia
763 3313 988 3393 equitantem,
1011 3312 1246 3376 circumvenit.
1300 3310 1361 3374 Se-

411 3427 528 3472 orsum
554 3409 645 3473 enim
680 3411 786 3475 ducto
811 3431 974 3494 magnam
1006 3411 1154 3494 ingessit
1173 3410 1360 3488 invidiam3

411 3507 541 3585 dioenS,
569 3508 733 3573 Libenter
755 3530 793 3574 se
818 3512 962 3594 imperio
984 3530 1174 3587 cessurum,
1196 3511 1227 3574 si
1252 3510 1303 3574 illi
1325 3517 1361 3574 et

412 3608 489 3671 aliis
506 3608 667 3672 videatur
682 3629 770 3692 quos
785 3619 886 3693 pater
900 3617 1033 3676 tutores
1044 3611 1251 3694 reliquerat·
1277 3609 1360 3674 Non

412 3727 450 3771 se
475 3707 668 3791 intelligere
692 3710 775 3792 quid
803 3712 855 3774 ita
877 3710 1034 3775 effraenes
1061 3711 1151 3774 sint:
1186 3710 1217 3772 si
1239 3710 1360 3785 velint,

412 3809 577 3891 pecunias
595 3810 767 3892 accipiant
784 3830 848 3892 pro
863 3811 983 3891 libito;
1007 3810 1038 3874 si
1057 3816 1281 3892 augmentum
1301 3828 1362 3891 pa-

412 3907 663 3985 trimoniorum,
687 3910 807 3973 eodem
828 3911 953 3989 modo;
976 3928 1132 3993 prorsus,
1149 3928 1227 3993 quae
1241 3908 1362 3984 velint,

413 4004 575 4071 habeant.
626 4008 779 4072 Tantum
797 4010 937 4074 videant
954 4030 998 4073 ne
1007 4009 1178 4093 judicium
1195 4008 1361 4091 genitoris

412 4106 647 4186 periclitetur:
672 4109 765 4190 quod
785 4110 815 4172 si
835 4110 879 4173 de
899 4128 936 4173 se
958 4110 1160 4192 putaverint
1173 4126 1362 4191 aspernan-

623 4328 630 4358 ¹
648 4332 683 4380 Ut
694 4332 798 4383 Persius
808 4335 867 4398 uit]
885 4335 1001 4398 Persius,
1013 4334 1066 4384 Sat.
1078 4348 1098 4384 1.
1110 4338 1151 4383 85.
